3254 5040
771 275 815 344 55

181 467 298 536 desunt
329 468 363 535 in
390 470 523 537 scholiis
552 471 653 536 uerba
680 491 701 535 a
727 471 847 537 nostris
881 470 974 536 codd.
1006 477 1147 539 seruata.
1199 471 1259 537 sed
1286 478 1406 538 temere

179 577 205 644 Ι.
229 576 350 660 Vogels
378 577 465 661 quod
488 575 509 640 4
534 580 576 644 10
603 577 636 641 in
659 578 720 643 Ac
745 576 838 644 deest
868 580 1094 662 tropoodiorcm
1123 581 1254 663 scriptor
1277 578 1329 657 (cf.
1352 599 1406 664 pp.

179 685 398 769 53,‘21.69,3)
426 684 524 750 etiam
549 704 566 750 e
589 685 708 751 nostris
736 684 902 751 codicibus
931 683 1119 770 eiciendum,
1150 684 1166 748 l
1194 687 1235 752 14
1259 704 1307 768 sq.
1336 686 1405 752 hre-

178 790 301 855 uiorem
331 791 525 857 scholiorum
550 790 721 858 lectionem
749 791 922 875 genuinam
951 811 1024 858 esse
1053 792 1182 877 putauit
1211 789 1255 878 (u.
1283 791 1406 874 adli).

179 897 277 962 611616
305 896 573 964 coccinandum
602 904 659 983 est,
688 920 730 965 ne
759 898 953 965 scholiorum
981 899 1152 965 lectionem
1180 903 1233 984 qai
1259 902 1306 965 bic
1334 903 1406 966 locis

178 1013 250 1070 16111
266 1008 407 1089 propiori
420 1005 550 1089 Hygino
575 1005 784 1071 obtrudamus
800 1003 961 1093 (madh).
999 1027 1039 1071 ex
1062 1012 1238 1071 ceterorum
1261 1007 1404 1072 locorum

177 1131 309 1177 numero
337 1110 435 1178 liceat
462 1110 590 1178 adferre
620 1110 738 1198 1015,
766 1113 820 1179 ubi
848 1133 960 1178 uocem
989 1111 1160 1196 quandam,
1193 1132 1290 1195 quam
1316 1112 1350 1177 in
1372 1117 1409 1178 X

176 1224 252 1303 post
278 1221 359 1303 qaod
387 1218 552 1285 exstitisse
581 1240 621 1285 ex
649 1218 744 1288 codd.
768 1222 800 1283 D
823 1221 913 1302 (icor)
942 1227 975 1286 et
997 1223 1027 1284 R
1055 1218 1149 1306 (icoc)
1178 1219 1405 1303 conligendum

177 1324 315 1411 uidetur,
339 1325 437 1391 etiam
460 1325 494 1390 in
513 1328 541 1389 Y
561 1326 663 1393 fuisse
685 1326 766 1391 nihil
790 1328 898 1393 obstat
921 1347 962 1392 ne
985 1327 1195 1412 suspicemur.
1235 1326 1294 1393 sed
1317 1327 1404 1410 quod

177 1432 354 1499 Bursianus
382 1453 439 1517 pro
467 1437 536 1499 icon
564 1433 703 1498 coniecit
735 1434 827 1500 Croto
856 1440 888 1499 et
912 1432 1198 1519 palaeographiois
1226 1433 1403 1500 rationibus

180 1545 212 1605 et
242 1540 401 1605 sententia
437 1539 607 1626 refutatur,
643 1561 719 1605 nam
750 1541 847 1626 plane
881 1546 932 1607 est
964 1539 1159 1625 superfluum
1190 1540 1251 1606 hoc
1287 1561 1403 1606 nomen

179 1643 312 1731 addere,
345 1646 432 1730 quod
459 1648 557 1713 etiam
585 1651 602 1731 β
631 1667 671 1712 ex
698 1647 986 1713 Hemsterhusiano
1019 1646 1132 1713 codice
1163 1646 1402 1714 inconsiderate

177 1752 306 1838 recepit.
347 1753 425 1818 mihi
448 1752 577 1820 uidetur
600 1754 633 1819 in
656 1754 888 1840 perscribenda
910 1774 992 1821 uoce
1013 1758 1077 1820 iam
1098 1757 1129 1819 R
1152 1775 1279 1821 errasse
1295 1792 1336 1803 -
1352 1755 1401 1821 sic

175 1864 211 1924 ut
233 1881 268 1925 co
290 1880 348 1945 pro
371 1884 391 1926 o
413 1859 551 1945 legeret,
580 1861 700 1927 similia
728 1868 836 1928 autem
865 1860 992 1947 menda,
1018 1861 1188 1927 notissima
1209 1862 1310 1927 nerha
1333 1882 1401 1927 cor-

174 1971 278 2052 rupta,
304 1967 403 2034 etiam
417 1967 492 2034 aliis
515 1967 610 2034 huius
625 1967 748 2035 codicis
766 1967 849 2034 locis
868 1969 1073 2035 inueniuntur
1087 2006 1130 2016 —
1145 1977 1177 2034 et
1200 1968 1401 2035 retinendum

175 2073 263 2157 quod
281 2074 347 2138 iam
361 2075 480 2141 Robert
502 2074 651 2160 probauit
674 2079 745 2158 iam,
771 2074 857 2158 quod
881 2076 986 2141 eiecta
1009 2075 1129 2162 ‘inepta
1152 2075 1401 2161 interpolatione
1505 2133 1507 2137 ,

175 2179 305 2265 Sotpris’
332 2182 422 2263 (Roh.
446 2182 490 2246 ad
512 2182 532 2247 l.
555 2202 587 2267 p.
614 2185 721 2267 153,4)
746 2183 866 2267 optime
890 2181 933 2247 ad
957 2203 1088 2249 sensum
1112 2182 1261 2267 quadrat.
1277 2219 1320 2230 -
1336 2203 1399 2248 uno

175 2286 246 2353 loco
273 2286 346 2353 711
374 2288 504 2373 (dequo
521 2292 642 2370 unet.)
666 2309 778 2355 uocem
803 2287 1008 2377 (constitutas)
1032 2290 1065 2355 in
1089 2291 1221 2358 scholiis
1245 2291 1399 2357 omissam

173 2394 271 2460 etiam
298 2395 339 2460 ah
367 2396 496 2481 Hygino
528 2394 779 2462 abiudicandam
808 2416 881 2462 esse
912 2416 1037 2462 censeo.
1079 2395 1165 2464 adde
1198 2395 1240 2461 25
1268 2400 1311 2465 25
1344 2399 1398 2464 ubi

87 2584 90 2590 Ι
173 2503 285 2566 dicitur
318 2522 355 2568 eo
389 2502 475 2586 qnod
507 2501 578 2569 sola
616 2502 739 2568 scholia
776 2510 988 2570 seruauerunt
1020 2507 1151 2570 nimiam
1182 2508 1293 2570 elatam
1328 2504 1398 2572 iure

172 2606 288 2675 deesse
312 2610 526 2695 conprobatur
550 2615 592 2693 (n.
616 2610 660 2675 ad
683 2611 725 2690 1.).

259 2733 337 2799 Cum
369 2734 467 2818 igitur
494 2734 535 2800 de
562 2735 602 2801 iis
636 2755 720 2818 quae
751 2735 785 2799 in
818 2735 950 2801 scholiis
984 2735 1101 2801 desunt
1128 2756 1169 2801 ne
1200 2734 1234 2799 id
1267 2735 1397 2819 quidem

171 2840 266 2907 certis
290 2840 508 2908 fundamentis
532 2841 638 2927 possit
661 2842 767 2927 statui,
791 2849 896 2908 utrum
920 2842 953 2906 in
982 2845 1010 2906 Y
1030 2840 1191 2908 defuerint
1214 2862 1256 2907 an
1279 2849 1396 2926 postea

170 2946 399 3032 interciderint,
424 2967 567 3033 eaquae
590 2954 718 3033 praeter
742 2969 939 3015 communem
964 2948 1111 3015 codicum
1123 2952 1159 3014 X
1162 2951 1191 3013 Y
1208 2949 1394 3015 memoriam

169 3053 203 3118 in
234 3054 367 3121 scholiis
392 3054 568 3132 exstant¹⁹)
600 3056 633 3120 in
663 3056 734 3141 ipso
768 3055 881 3121 codice
914 3059 942 3120 Y
972 3055 1074 3122 tuisse
1106 3055 1312 3122 statuendum
1346 3063 1396 3123 est

170 3158 215 3247 (u.
240 3181 339 3247 supra
361 3182 393 3247 p.
416 3160 484 3248 43).
530 3168 565 3228 ut
587 3169 695 3229 autem
718 3162 849 3247 Hygino
876 3162 958 3228 haec
981 3172 1016 3228 ut
1039 3164 1195 3229 uberioris
1221 3163 1396 3230 memoriae

168 3266 349 3351 fragmenta
375 3269 591 3349 restituamus,
622 3269 768 3354 inprimis
796 3270 887 3336 locus
911 3270 966 3335 ille
993 3271 1026 3335 in
1049 3271 1185 3355 Leporis
1214 3270 1337 3336 scholio
1362 3271 1395 3336 in

167 3375 204 3438 X
228 3373 416 3460 deperditus
444 3375 573 3455 suadet,
607 3376 659 3441 cui
688 3376 751 3442 duo
779 3374 838 3441 illa
865 3376 1047 3460 fragmenta
1075 3376 1108 3442 in
1137 3374 1267 3444 scholiis
1294 3377 1395 3445 Basil.

167 3480 288 3546 tradita
320 3490 515 3548 succurrunt.
564 3490 672 3549 tamen
702 3489 734 3548 et
762 3483 813 3549 his
846 3483 1013 3569 amplioris
1046 3484 1221 3550 memoriae
1253 3483 1334 3552 locis
1363 3492 1396 3552 61

168 3588 292 3673 ceteris,
320 3589 435 3673 quibus
459 3588 581 3656 codicis
610 3592 639 3654 Y
663 3590 818 3656 memoria
841 3610 862 3655 a
884 3591 1020 3674 uulgata
1043 3590 1173 3657 diuersa
1202 3597 1259 3677 est,
1287 3591 1321 3656 id
1345 3599 1395 3659 est

166 3694 338 3781 agendum,
371 3702 405 3762 ut
436 3703 545 3762 certae
578 3717 706 3782 causae,
742 3717 799 3762 cur
831 3697 1023 3763 scholiorum
1055 3697 1152 3763 lectio
1184 3698 1394 3785 praeferatur,

44 3807 47 3815 '
166 3807 320 3885 quantum
342 3802 412 3869 fieri
435 3809 543 3888 potest
568 3804 786 3887 exquirantur.

254 3924 349 4003 Quod
385 3928 510 3993 scholia
546 3928 618 3994 sola
658 3927 780 3993 hahent
815 3925 855 3990 lb
884 3930 904 3993 2
936 3929 1050 4010 morbo,
1091 3927 1131 3993 lt
1163 3933 1203 3996 19
1242 3953 1394 3997 corianam

257 4210 294 4281 ¹⁹)
313 4213 355 4267 Ha
373 4216 485 4268 tantum
499 4214 559 4268 dico
573 4231 644 4282 quae
663 4214 770 4269 adrem
785 4217 813 4269 61
827 4215 863 4269 ad
877 4232 985 4269 sensum
1001 4218 1136 4284 spectant,
1154 4233 1210 4270 non
1223 4215 1394 4270 infinitiuum

164 4319 220 4355 ecee
241 4303 287 4356 uel
311 4303 475 4371 pronomina
493 4305 521 4357 61
540 4302 671 4357 aduerbia
693 4303 831 4371 quaedam
854 4308 882 4360 61
905 4304 1008 4359 similia
1033 4305 1139 4370 addita,
1163 4305 1263 4374 quihus
1287 4304 1393 4360 amissis

163 4391 235 4444 nihil
262 4394 396 4447 mutatur.
438 4410 504 4447 nam
531 4393 561 4446 in
589 4392 746 4447 huiusmodi
774 4395 854 4448 rebus
882 4412 967 4463 quam
994 4395 1174 4464 neglegenter
1196 4397 1225 4450 61
1248 4394 1325 4449 uarie
1347 4394 1394 4450 hio

163 4481 280 4551 scriptor
301 4498 330 4536 se
352 4484 446 4551 gerat,
470 4485 499 4537 et
522 4481 626 4551 singuli
650 4481 757 4537 librarii
781 4486 919 4552 quantum
941 4484 1015 4538 inter
1037 4500 1065 4538 sc
1088 4483 1249 4552 discrepent,
1272 4483 1303 4537 in
1325 4502 1392 4539 una·

163 4588 273 4639 quaque
291 4570 347 4625 fere
364 4570 469 4640 pagina
487 4570 554 4626 licet
572 4571 724 4625 obseruare.
