3254 5040
787 232 829 296 32

194 423 311 490 Gracci
336 427 418 496 αιδος
442 424 609 490 dixerunt’.
656 444 740 508 quae
764 430 840 509 post
860 427 978 507 poleam
998 426 1039 503 (u.
1056 430 1087 502 5)
1113 422 1275 490 excidisse
1299 424 1425 489 collata

196 529 318 596 codicis
341 531 371 594 A
392 531 548 596 memoria
571 531 676 597 elucet
700 532 774 614 ‘qua
798 529 895 596 dutus
919 551 959 596 ex
983 529 1056 596 adu.
1071 552 1102 597 n.
1117 552 1147 615 p.
1163 551 1190 593 u.
1212 550 1308 612 quam
1329 551 1375 614 gr.
1392 532 1427 595 a'

195 636 346 702 dixerunt
368 657 432 702 non
455 645 490 703 ut
514 636 664 721 quidam’.
699 638 782 702 haec
805 658 877 703 cum
900 657 938 703 eo
962 657 1025 721 quo
1049 658 1133 703 nunc
1148 637 1235 722 apud
1251 638 1425 722 Cyriacum

195 749 326 808 exstant
354 744 425 810 loco
453 743 585 819 librario
613 745 682 809 iure
704 744 821 828 *inepta
848 744 1044 828 uiderentur,
1075 744 1116 809 ab
1141 763 1179 809 co
1207 744 1254 808 ita
1278 751 1423 809 correcta

196 857 283 936 sunt,
315 857 352 916 ut
380 857 524 917 extrema
550 850 609 915 illa
636 850 708 915 ‘non
737 856 772 915 ut
801 850 941 933 quidam'
974 851 1150 936 omitteret,
1183 855 1215 916 et
1243 869 1302 935 pro
1331 853 1427 915 datas

195 993 237 1004 -
252 956 314 1022 hoc
329 977 400 1022 eum
424 957 545 1041 legisse
562 977 602 1022 ex
618 955 733 1022 eadem
748 955 873 1022 codicis
886 958 916 1021 A
929 956 1069 1023 lectione
1084 964 1173 1022 etex
1196 955 1424 1022 emendatione

196 1064 266 1130 eius
291 1063 396 1130 clucet
415 1101 447 1111 -
468 1067 583 1129 diutius
606 1064 769 1149 scriberet,
793 1070 825 1128 ct
847 1087 884 1129 eu
905 1084 964 1149 pro
988 1087 1027 1128 eu
1051 1064 1238 1130 emendaret
1261 1063 1314 1129 uel
1336 1062 1425 1128 litte-

196 1191 302 1235 rarum
333 1170 546 1255 (capitalium)
580 1170 789 1257 similitudine
822 1170 977 1256 deceptus
1009 1171 1142 1254 legeret.
1199 1176 1274 1255 post
1302 1172 1422 1252 poleam

196 1284 304 1342 autem
327 1277 414 1361 quod
436 1276 594 1361 reliquum
618 1284 688 1343 crat
710 1299 770 1361 qua
797 1285 929 1362 propter
951 1276 985 1342 id
1008 1276 1095 1361 quod
1119 1286 1307 1360 sequeretur
1330 1280 1425 1342 iater-

192 1392 357 1467 pretcatur
384 1384 418 1448 in
446 1385 668 1451 accusatiuum
695 1384 793 1451 facile
822 1385 927 1470 potuit
952 1384 1079 1451 mutari.
1127 1383 1287 1468 quomodo
1312 1389 1422 1448 autem

197 1489 317 1555 factum
354 1491 396 1557 sit
428 1498 464 1556 ut
499 1491 599 1558 uerba
635 1490 693 1556 illa
727 1490 768 1557 dc
804 1490 883 1557 sede
916 1511 975 1557 sua
1014 1492 1204 1575 migrarent,
1242 1489 1426 1574 explicatur

197 1596 354 1679 singulari
381 1597 440 1662 illa
467 1598 592 1663 ratione
615 1618 679 1681 qua
707 1597 831 1663 codicis
853 1598 883 1661 A
912 1597 1035 1663 scholia
1058 1598 1092 1661 in
1115 1597 1197 1683 ipsis
1224 1595 1425 1679 imaginibus

197 1710 332 1769 exarata
364 1711 446 1769 sunt.
500 1703 533 1768 in
566 1704 713 1789 exemplo
747 1712 814 1769 tam
846 1703 1022 1770 artificioso
1059 1701 1288 1788 perscribenda
1326 1722 1423 1785 quam

196 1809 292 1875 facile
325 1817 475 1894 poterant
511 1810 641 1895 neglegi
676 1810 777 1875 uerba
809 1810 843 1875 in
874 1810 1025 1876 bracchio
1062 1811 1115 1876 ucl
1147 1810 1232 1895 pede
1270 1809 1324 1876 uel
1352 1808 1422 1874 alia

196 1916 348 1999 imaginis
370 1924 464 2001 parte
478 1937 497 1982 e
511 1936 644 2001 corpora
666 1917 868 2002 prominente
892 1917 1013 2002 scripta
1036 1924 1068 1983 et
1086 1923 1143 1982 aut
1166 1918 1293 1982 omnino
1318 1916 1420 1982 omitt'

198 2029 254 2087 aut
282 2021 365 2089 falso
393 2023 464 2089 loco
493 2023 685 2104 adnecti¹³)l
732 2023 765 2088 in
792 2023 906 2090 Persei
933 2023 1077 2107 imagine
1104 2023 1283 2089 Harleiana
1311 2025 1425 2107 (quam

197 2129 371 2213 Vogelsius
385 2131 427 2196 ab
443 2130 563 2196 Ottlcio
585 2137 750 2196 mutuatus
774 2130 968 2196 scholiorum
983 2130 1118 2196 editioni
1132 2130 1273 2212 addidit)
1296 2129 1425 2195 initium

197 2235 312 2301 scholii
344 2238 497 2322 scripturn
529 2244 579 2303 est
610 2237 644 2302 in
671 2238 790 2303 umeris
814 2237 902 2302 etin
934 2258 1056 2304 summo
1088 2245 1221 2323 pectore
1252 2234 1424 2320 usquead

197 2362 270 2407 eum
292 2343 398 2408 locum
421 2343 476 2408 ubi
499 2343 651 2409 bracchia
675 2364 696 2408 a
719 2363 853 2428 corpore
876 2344 910 2408 in
933 2343 1082 2410 diuersas
1105 2351 1216 2430 partes
1240 2341 1421 2408 discedunt.

197 2449 304 2534 pergit
328 2449 469 2516 scribere
492 2451 521 2514 A
548 2449 582 2515 in
610 2449 722 2517 dextro
750 2450 911 2533 bracchio,
938 2458 1005 2516 tum
1033 2451 1077 2517 ad
1106 2451 1271 2516 sinistrum
1297 2448 1424 2532 transit,

198 2576 260 2638 quo
289 2577 392 2641 usque
419 2557 462 2623 ad
489 2578 619 2623 manum
642 2595 685 2605 -
709 2578 774 2641 qua
796 2558 953 2625 Medusae
980 2565 1078 2644 caput
1106 2561 1194 2623 tenet
1216 2556 1355 2622 Perseus
1379 2591 1422 2602 -

197 2662 353 2748 inscripto
380 2663 465 2729 redit
492 2663 537 2729 ad
563 2672 677 2749 pectus
705 2672 738 2730 et
764 2664 923 2748 reliquum
950 2685 1066 2750 corpus
1094 2663 1246 2729 breuibus
1273 2662 1423 2728 uersibus

197 2769 306 2853 inplet.
342 2770 409 2835 iam
423 2770 454 2835 ei
468 2770 522 2854 qui
546 2771 728 2856 exemplum
752 2771 799 2836 sic
821 2771 1011 2837 instructum
1032 2771 1246 2855 perscriberet
1268 2769 1424 2836 facillime

197 2883 326 2960 poterat
348 2876 506 2962 accidere,
535 2883 571 2943 ut
596 2877 748 2943 bracchio
777 2877 890 2943 dextro
919 2877 1065 2943 confecto
1092 2898 1157 2943 non
1186 2876 1230 2942 ad
1258 2876 1423 2942 sinistrum

198 2981 487 3068 transgrederetur,
511 2982 570 3050 sed
584 3003 708 3049 conexu
733 2983 913 3050 sententiae
936 2983 1084 3067 neglecto
1101 2983 1145 3048 ad
1158 2982 1257 3048 medii
1280 2981 1424 3067 pectoris

198 3074 306 3173 uerba,
334 3111 418 3174 quae
446 3111 519 3156 cum
547 3089 653 3156 dextri
680 3091 823 3157 bracchii
850 3091 957 3157 uerbis
986 3090 1052 3155 fere
1081 3089 1268 3173 cohaerent,
1296 3095 1328 3153 ct
1356 3094 1422 3152 toto

200 3194 327 3261 demum
351 3217 485 3283 corpore
507 3198 623 3264 litteris
639 3205 750 3283 operto
774 3197 861 3281 quod
885 3198 1038 3263 omiserat
1052 3196 1217 3277 sinistrum
1237 3194 1423 3261 bracchium

200 3303 353 3370 adfinem
376 3304 493 3370 litteris
507 3304 653 3389 inpleret.
689 3305 839 3388 utigitur
861 3298 1018 3388 genuinus
1034 3302 1112 3368 ordo
1137 3302 1375 3370 enuntiatorum
1390 3301 1423 3364 in

200 3431 271 3476 eum
304 3411 359 3494 qui
390 3432 474 3477 nunc
508 3419 558 3478 est
589 3411 677 3496 apud
709 3411 880 3496 Cyriacum
912 3416 1175 3494 corrumperetur,
1207 3409 1241 3474 in
1273 3406 1422 3491 exemplo

199 3517 313 3583 eodem
340 3517 435 3583 modo
463 3524 561 3602 atquc
589 3518 619 3582 A
646 3518 802 3584 instructo
830 3518 864 3583 in
891 3516 1004 3583 Persei
1032 3516 1096 3581 imo
1127 3515 1279 3582 bracchio
1309 3513 1424 3578 dextro

199 3644 334 3690 neeesse
358 3633 408 3690 est
430 3625 532 3691 fuisse
551 3626 650 3690 uerba
668 3634 832 3710 praeterea
852 3626 972 3708 poleam
995 3646 1056 3709 qua
1079 3625 1137 3700 (As
1160 3626 1303 3688 dilectore
1321 3622 1424 3686 caiati-

201 3738 328 3815 mctur),
364 3731 398 3795 in
430 3732 561 3797 sinistro
593 3732 743 3797 bracchio
776 3738 844 3797 toto
877 3730 972 3796 haec:
1005 3732 1097 3795 clatus
1127 3753 1166 3795 eu
1199 3731 1330 3794 aduerso
1362 3749 1425 3792 noa

291 3979 325 4048 18)
344 3981 402 4035 Hoc
420 3981 441 4034 Ι.
460 3982 562 4051 Vogcls
580 3984 707 4051 expertus
726 3985 776 4046 est,
800 3981 849 4049 qui
868 3981 953 4035 uerba
970 3979 1073 4035 Arietis
1096 3979 1211 4048 pedibus
1229 3976 1425 4047 posterioribus

199 4070 334 4139 inscripta
351 4067 378 4135 (l
399 4070 452 4136 ex.)
480 4070 573 4125 eodem
596 4070 756 4125 Cottoniani
784 4070 891 4125 librarii
919 4086 1007 4124 errore
1034 4069 1163 4123 inductus
1190 4068 1260 4122 falso
1284 4065 1423 4135 expressit,

200 4178 262 4214 cum
275 4167 503 4228 proc-creatam
522 4188 554 4197 -
574 4163 614 4213 ali
627 4168 695 4214 crate
715 4189 746 4198 -κ
767 4179 784 4214 a
803 4162 904 4227 dicunt,
923 4158 972 4227 qui
991 4162 1123 4226 quattuor·
1141 4157 1270 4212 uersiculi
1288 4156 1317 4209 in
1337 4156 1424 4210 altero

199 4250 268 4318 pede
291 4266 397 4302 summo
420 4248 559 4318 leguntur,
588 4248 630 4302 ita
652 4249 824 4318 discerperet,
852 4251 885 4302 ut
903 4257 1095 4316 praeerectam
1120 4248 1176 4302 iam
1195 4245 1286 4301 uerbis
1305 4262 1375 4313 quae
1394 4243 1425 4296 in

200 4338 303 4392 Arietis
322 4354 431 4407 corpore
450 4340 515 4392 sunt
533 4337 699 4401 adnecteret,
723 4339 831 4406 reliqua
852 4336 987 4391 uersiculo
1009 4337 1133 4407 proximo
1156 4335 1233 4405 pedis
1256 4334 1353 4404 prioris
1376 4331 1426 4396 (cat

202 4432 233 4482 in
251 4427 380 4496 Boeotia).
418 4427 504 4481 simili
526 4427 556 4480 ni
578 4427 660 4481 fallor
683 4443 770 4481 errore
794 4427 879 4480 uerba
901 4425 1000 4480 codicis
1019 4431 1043 4480 A
1068 4427 1150 4480 schol.
1171 4423 1186 4478 7
1207 4425 1310 4479 13-15
1330 4422 1373 4490 (ut
1390 4450 1427 4459 -

200 4515 342 4585 Spartam)
360 4518 389 4571 in
409 4519 441 4570 K
455 4518 578 4571 lacerata
595 4519 667 4569 sunt.
