<?xml version="1.0" encoding="UTF-8"?>
<!DOCTYPE html PUBLIC "-//W3C//DTD XHTML 1.0 Transitional//EN"
    "http://www.w3.org/TR/xhtml1/DTD/xhtml1-transitional.dtd">
<html xmlns="http://www.w3.org/1999/xhtml" xml:lang="en" lang="en">
 <head>
  <title>
</title>
<meta http-equiv="Content-Type" content="text/html;charset=utf-8" />
  <meta name='ocr-system' content='tesseract 3.04.00' />
  <meta name='ocr-capabilities' content='ocr_page ocr_carea ocr_par ocr_line ocrx_word'/>
</head>
<body>
  <div class='ocr_page' id='page_1' title='image "./dehyginimemoria00kaufgoog_0022.png"; bbox 0 0 3254 5040; ppageno 0'>
   <div class='ocr_carea' id='block_1_1' title="bbox 707 243 950 386">
    <p class='ocr_par' dir='ltr' id='par_1_1' title="bbox 707 243 950 386">
     <span class='ocr_line' id='line_1_1' title="bbox 707 243 950 386; baseline 0 0"><span class='ocrx_word' id='word_1_1' title='bbox 707 294 918 386; x_wconf 57' lang='lat' dir='ltr'>---in-</span> <span class='ocrx_word' id='word_1_2' title='bbox 948 243 950 247; x_wconf 59' lang='grc'><em>’</em></span> 
     </span>
    </p>
   </div>
   <div class='ocr_carea' id='block_1_2' title="bbox 199 483 1501 888">
    <p class='ocr_par' dir='ltr' id='par_1_2' title="bbox 199 483 1426 675">
     <span class='ocr_line' id='line_1_2' title="bbox 199 483 1426 571; baseline -0.002 -20"><span class='ocrx_word' id='word_1_3' title='bbox 199 485 402 571; x_wconf 78' lang='lat' dir='ltr'>corruptelae</span> <span class='ocrx_word' id='word_1_4' title='bbox 430 506 470 551; x_wconf 87' lang='lat' dir='ltr'>ex</span> <span class='ocrx_word' id='word_1_5' title='bbox 493 485 621 568; x_wconf 85' lang='lat' dir='ltr'>integra</span> <span class='ocrx_word' id='word_1_6' title='bbox 643 485 856 551; x_wconf 80' lang='lat' dir='ltr'><strong>recentiorum</strong></span> <span class='ocrx_word' id='word_1_7' title='bbox 884 484 1039 549; x_wconf 86' lang='lat' dir='ltr'>memoria</span> <span class='ocrx_word' id='word_1_8' title='bbox 1064 490 1264 566; x_wconf 78' lang='lat' dir='ltr'>sanarentur,</span> <span class='ocrx_word' id='word_1_9' title='bbox 1294 483 1426 566; x_wconf 86' lang='lat' dir='ltr'>saepius</span> 
     </span>
     <span class='ocr_line' id='line_1_3' title="bbox 199 589 1099 675; baseline -0.002 -19"><span class='ocrx_word' id='word_1_10' title='bbox 199 592 340 674; x_wconf 91' lang='lat' dir='ltr'>genuina</span> <span class='ocrx_word' id='word_1_11' title='bbox 363 592 459 656; x_wconf 90' lang='lat' dir='ltr'>leotio</span> <span class='ocrx_word' id='word_1_12' title='bbox 483 590 644 663; x_wconf 73' lang='lat' dir='ltr'><strong>deteriore</strong></span> <span class='ocrx_word' id='word_1_13' title='bbox 667 589 835 675; x_wconf 79' lang='lat' dir='ltr'>adscripta</span> <span class='ocrx_word' id='word_1_14' title='bbox 859 590 1099 672; x_wconf 79' lang='lat' dir='ltr'>turbaretur.¹⁶)</span> 
     </span>
    </p>

    <p class='ocr_par' dir='ltr' id='par_1_3' title="bbox 200 697 1501 888">
     <span class='ocr_line' id='line_1_4' title="bbox 287 697 1492 781; baseline -0.002 -14"><span class='ocrx_word' id='word_1_15' title='bbox 287 698 436 780; x_wconf 92' lang='lat' dir='ltr'>Denique</span> <span class='ocrx_word' id='word_1_16' title='bbox 467 698 592 764; x_wconf 84' lang='lat' dir='ltr'>infimi</span> <span class='ocrx_word' id='word_1_17' title='bbox 625 698 783 781; x_wconf 88' lang='lat' dir='ltr'>generis</span> <span class='ocrx_word' id='word_1_18' title='bbox 818 697 948 763; x_wconf 84' lang='lat' dir='ltr'>codices</span> <span class='ocrx_word' id='word_1_19' title='bbox 981 717 1066 764; x_wconf 86' lang='lat' dir='ltr'>saec.</span> <span class='ocrx_word' id='word_1_20' title='bbox 1096 698 1167 781; x_wconf 88' lang='lat' dir='ltr'>XV,</span> <span class='ocrx_word' id='word_1_21' title='bbox 1190 703 1312 781; x_wconf 86' lang='lat' dir='ltr'>utpote</span> <span class='ocrx_word' id='word_1_22' title='bbox 1345 717 1426 779; x_wconf 88' lang='lat' dir='ltr'>quoe</span> <span class='ocrx_word' id='word_1_23' title='bbox 1468 711 1492 776; x_wconf 81' lang='lat' dir='ltr'>c)</span> 
     </span>
     <span class='ocr_line' id='line_1_5' title="bbox 200 803 1501 888; baseline -0.002 -17"><span class='ocrx_word' id='word_1_24' title='bbox 200 806 374 888; x_wconf 82' lang='lat' dir='ltr'>genuinam</span> <span class='ocrx_word' id='word_1_25' title='bbox 399 804 587 870; x_wconf 89' lang='lat' dir='ltr'>memoriam</span> <span class='ocrx_word' id='word_1_26' title='bbox 609 805 642 869; x_wconf 96' lang='lat' dir='ltr'>in</span> <span class='ocrx_word' id='word_1_27' title='bbox 666 805 782 870; x_wconf 77' lang='lat' dir='ltr'>ueteris</span> <span class='ocrx_word' id='word_1_28' title='bbox 807 803 973 870; x_wconf 83' lang='lat' dir='ltr'>foedatam</span> <span class='ocrx_word' id='word_1_29' title='bbox 996 804 1062 869; x_wconf 94' lang='lat' dir='ltr'>ullo</span> <span class='ocrx_word' id='word_1_30' title='bbox 1086 805 1158 870; x_wconf 87' lang='lat' dir='ltr'>loeo</span> <span class='ocrx_word' id='word_1_31' title='bbox 1184 823 1334 870; x_wconf 87' lang='lat' dir='ltr'>seruasse</span> <span class='ocrx_word' id='word_1_32' title='bbox 1359 805 1425 867; x_wconf 93' lang='lat' dir='ltr'>ueri</span> <span class='ocrx_word' id='word_1_33' title='bbox 1459 817 1501 869; x_wconf 81' lang='lat' dir='ltr'>in·</span> 
     </span>
    </p>
   </div>
   <div class='ocr_carea' id='block_1_3' title="bbox 200 907 1528 1063">
    <p class='ocr_par' dir='ltr' id='par_1_4' title="bbox 200 907 1528 1063">
     <span class='ocr_line' id='line_1_6' title="bbox 200 907 1528 996; baseline -0.002 -19"><span class='ocrx_word' id='word_1_34' title='bbox 200 914 242 978; x_wconf 90' lang='lat' dir='ltr'>sit</span> <span class='ocrx_word' id='word_1_35' title='bbox 265 912 527 993; x_wconf 83' lang='lat' dir='ltr'>dissimillimum,</span> <span class='ocrx_word' id='word_1_36' title='bbox 557 913 599 976; x_wconf 93' lang='lat' dir='ltr'>ab</span> <span class='ocrx_word' id='word_1_37' title='bbox 627 912 803 996; x_wconf 86' lang='lat' dir='ltr'>archetypo</span> <span class='ocrx_word' id='word_1_38' title='bbox 832 910 1045 977; x_wconf 88' lang='lat' dir='ltr'>restaurando</span> <span class='ocrx_word' id='word_1_39' title='bbox 1074 931 1207 995; x_wconf 90' lang='lat' dir='ltr'>prorsus</span> <span class='ocrx_word' id='word_1_40' title='bbox 1238 917 1310 976; x_wconf 87' lang='lat' dir='ltr'>sunt</span> <span class='ocrx_word' id='word_1_41' title='bbox 1340 907 1528 974; x_wconf 82' lang='lat' dir='ltr'>amo·fimum</span> 
     </span>
     <span class='ocr_line' id='line_1_7' title="bbox 314 1011 1526 1063; baseline 0.007 -24"><span class='ocrx_word' id='word_1_42' title='bbox 314 1035 316 1039; x_wconf 15' lang='grc' dir='ltr'><em>Α</em></span> <span class='ocrx_word' id='word_1_43' title='bbox 1438 1011 1526 1063; x_wconf 88' lang='lat' dir='ltr'>genus</span> 
     </span>
    </p>
   </div>
   <div class='ocr_carea' id='block_1_4' title="bbox 93 1106 1503 4721">
    <p class='ocr_par' dir='ltr' id='par_1_5' title="bbox 198 1106 1503 3039">
     <span class='ocr_line' id='line_1_8' title="bbox 292 1106 1427 1176; baseline -0.003 -15"><span class='ocrx_word' id='word_1_44' title='bbox 292 1107 325 1174; x_wconf 70' lang='grc'>16)</span> <span class='ocrx_word' id='word_1_45' title='bbox 344 1107 494 1161; x_wconf 89' lang='lat' dir='ltr'>Nonnullis</span> <span class='ocrx_word' id='word_1_46' title='bbox 513 1125 545 1161; x_wconf 89' lang='lat' dir='ltr'>ex</span> <span class='ocrx_word' id='word_1_47' title='bbox 565 1110 591 1159; x_wconf 90' lang='lat' dir='ltr'><em>D</em></span> <span class='ocrx_word' id='word_1_48' title='bbox 614 1107 731 1174; x_wconf 87' lang='lat' dir='ltr'>sumptis</span> <span class='ocrx_word' id='word_1_49' title='bbox 750 1106 883 1176; x_wconf 86' lang='lat' dir='ltr'>exemplis</span> <span class='ocrx_word' id='word_1_50' title='bbox 906 1107 958 1160; x_wconf 86' lang='lat' dir='ltr'>hoo</span> <span class='ocrx_word' id='word_1_51' title='bbox 976 1107 1060 1160; x_wconf 81' lang='lat' dir='ltr'>liceat</span> <span class='ocrx_word' id='word_1_52' title='bbox 1078 1107 1201 1175; x_wconf 89' lang='lat' dir='ltr'>probare,</span> <span class='ocrx_word' id='word_1_53' title='bbox 1226 1107 1326 1174; x_wconf 85' lang='lat' dir='ltr'>quibua</span> <span class='ocrx_word' id='word_1_54' title='bbox 1344 1107 1427 1160; x_wconf 89' lang='lat' dir='ltr'>simul</span> 
     </span>
     <span class='ocr_line' id='line_1_9' title="bbox 199 1195 1428 1267; baseline -0.001 -17"><span class='ocrx_word' id='word_1_55' title='bbox 199 1197 378 1267; x_wconf 77' lang='lat' dir='ltr'>neglegentia</span> <span class='ocrx_word' id='word_1_56' title='bbox 393 1197 494 1253; x_wconf 88' lang='lat' dir='ltr'>Bnntei</span> <span class='ocrx_word' id='word_1_57' title='bbox 512 1196 682 1259; x_wconf 72' lang='lat' dir='ltr'>inlustretur,</span> <span class='ocrx_word' id='word_1_58' title='bbox 702 1213 758 1263; x_wconf 84' lang='lat' dir='ltr'>qua</span> <span class='ocrx_word' id='word_1_59' title='bbox 777 1195 875 1249; x_wconf 87' lang='lat' dir='ltr'>oodiois</span> <span class='ocrx_word' id='word_1_60' title='bbox 891 1199 918 1248; x_wconf 88' lang='lat' dir='ltr'><em>D</em></span> <span class='ocrx_word' id='word_1_61' title='bbox 936 1198 964 1249; x_wconf 93' lang='lat' dir='ltr'>et</span> <span class='ocrx_word' id='word_1_62' title='bbox 978 1196 1128 1264; x_wconf 80' lang='lat' dir='ltr'>Reginensi</span> <span class='ocrx_word' id='word_1_63' title='bbox 1147 1200 1175 1249; x_wconf 90' lang='lat' dir='ltr'>et</span> <span class='ocrx_word' id='word_1_64' title='bbox 1189 1196 1428 1264; x_wconf 88' lang='lat' dir='ltr'>Montepessulano</span> 
     </span>
     <span class='ocr_line' id='line_1_10' title="bbox 198 1284 1428 1354; baseline -0.002 -14"><span class='ocrx_word' id='word_1_65' title='bbox 198 1287 335 1340; x_wconf 84' lang='lat' dir='ltr'>simillimi</span> <span class='ocrx_word' id='word_1_66' title='bbox 358 1286 512 1354; x_wconf 82' lang='lat' dir='ltr'>imaginem</span> <span class='ocrx_word' id='word_1_67' title='bbox 537 1285 664 1353; x_wconf 89' lang='lat' dir='ltr'>praebuit</span> <span class='ocrx_word' id='word_1_68' title='bbox 688 1284 822 1338; x_wconf 81' lang='lat' dir='ltr'>inuentam</span> <span class='ocrx_word' id='word_1_69' title='bbox 841 1288 869 1339; x_wconf 91' lang='lat' dir='ltr'>et</span> <span class='ocrx_word' id='word_1_70' title='bbox 888 1303 905 1338; x_wconf 91' lang='lat' dir='ltr'>a</span> <span class='ocrx_word' id='word_1_71' title='bbox 924 1302 988 1338; x_wconf 89' lang='lat' dir='ltr'>uero</span> <span class='ocrx_word' id='word_1_72' title='bbox 1012 1285 1140 1338; x_wconf 88' lang='lat' dir='ltr'>alienam.</span> <span class='ocrx_word' id='word_1_73' title='bbox 1162 1314 1192 1322; x_wconf 84' lang='lat'>—·</span> <span class='ocrx_word' id='word_1_74' title='bbox 1213 1304 1239 1353; x_wconf 90' lang='lat' dir='ltr'>p.</span> <span class='ocrx_word' id='word_1_75' title='bbox 1260 1286 1338 1349; x_wconf 66' lang='lat' dir='ltr'>bula</span> <span class='ocrx_word' id='word_1_76' title='bbox 1357 1303 1428 1353; x_wconf 88' lang='lat' dir='ltr'>qnae</span> 
     </span>
     <span class='ocr_line' id='line_1_11' title="bbox 200 1374 1429 1446; baseline -0.001 -17"><span class='ocrx_word' id='word_1_77' title='bbox 200 1394 248 1446; x_wconf 89' lang='lat' dir='ltr'>pro</span> <span class='ocrx_word' id='word_1_78' title='bbox 268 1376 390 1430; x_wconf 81' lang='lat' dir='ltr'>codicum</span> <span class='ocrx_word' id='word_1_79' title='bbox 407 1378 491 1428; x_wconf 79' lang='lat' dir='ltr'>DGN</span> <span class='ocrx_word' id='word_1_80' title='bbox 507 1374 624 1428; x_wconf 80' lang='lat' dir='ltr'>lectione</span> <span class='ocrx_word' id='word_1_81' title='bbox 642 1374 739 1428; x_wconf 89' lang='lat' dir='ltr'>uendit</span> <span class='ocrx_word' id='word_1_82' title='bbox 758 1375 845 1428; x_wconf 89' lang='lat' dir='ltr'>uerba</span> <span class='ocrx_word' id='word_1_83' title='bbox 862 1378 936 1426; x_wconf 77' lang='lat' dir='ltr'>noeti</span> <span class='ocrx_word' id='word_1_84' title='bbox 954 1383 1017 1427; x_wconf 72' lang='lat' dir='ltr'>seint</span> <span class='ocrx_word' id='word_1_85' title='bbox 1035 1379 1253 1443; x_wconf 75' lang='lat' dir='ltr'>reeuperatisque</span> <span class='ocrx_word' id='word_1_86' title='bbox 1272 1378 1429 1442; x_wconf 77' lang='lat' dir='ltr'>corporibus</span> 
     </span>
     <span class='ocr_line' id='line_1_12' title="bbox 200 1462 1428 1533; baseline -0.002 -14"><span class='ocrx_word' id='word_1_87' title='bbox 200 1483 254 1533; x_wconf 88' lang='lat' dir='ltr'>eqs.</span> <span class='ocrx_word' id='word_1_88' title='bbox 280 1464 389 1531; x_wconf 78' lang='lat' dir='ltr'>(eadem</span> <span class='ocrx_word' id='word_1_89' title='bbox 414 1465 517 1518; x_wconf 88' lang='lat' dir='ltr'>habent</span> <span class='ocrx_word' id='word_1_90' title='bbox 541 1462 601 1517; x_wconf 91' lang='lat' dir='ltr'>edd.</span> <span class='ocrx_word' id='word_1_91' title='bbox 625 1466 691 1517; x_wconf 89' lang='lat' dir='ltr'>ante</span> <span class='ocrx_word' id='word_1_92' title='bbox 714 1464 853 1517; x_wconf 90' lang='lat' dir='ltr'>Bnnteum</span> <span class='ocrx_word' id='word_1_93' title='bbox 881 1480 973 1516; x_wconf 86' lang='lat' dir='ltr'>omnes</span> <span class='ocrx_word' id='word_1_94' title='bbox 997 1467 1026 1517; x_wconf 91' lang='lat' dir='ltr'>et</span> <span class='ocrx_word' id='word_1_95' title='bbox 1049 1466 1081 1527; x_wconf 83' lang='lat' dir='ltr'>F,</span> <span class='ocrx_word' id='word_1_96' title='bbox 1110 1465 1157 1517; x_wconf 90' lang='lat' dir='ltr'>sed</span> <span class='ocrx_word' id='word_1_97' title='bbox 1179 1464 1288 1517; x_wconf 90' lang='lat' dir='ltr'>innerso</span> <span class='ocrx_word' id='word_1_98' title='bbox 1316 1464 1428 1529; x_wconf 84' lang='lat' dir='ltr'>ordine),</span> 
     </span>
     <span class='ocr_line' id='line_1_13' title="bbox 199 1552 1427 1622; baseline 0 -16"><span class='ocrx_word' id='word_1_99' title='bbox 199 1554 383 1622; x_wconf 79' lang='lat' dir='ltr'>superscripta</span> <span class='ocrx_word' id='word_1_100' title='bbox 401 1556 466 1605; x_wconf 92' lang='lat' dir='ltr'>sunt</span> <span class='ocrx_word' id='word_1_101' title='bbox 485 1571 501 1606; x_wconf 90' lang='lat' dir='ltr'>a</span> <span class='ocrx_word' id='word_1_102' title='bbox 519 1571 555 1604; x_wconf 92' lang='lat' dir='ltr'>m.</span> <span class='ocrx_word' id='word_1_103' title='bbox 571 1553 586 1604; x_wconf 85' lang='lat'><strong>2</strong></span> <span class='ocrx_word' id='word_1_104' title='bbox 606 1552 697 1606; x_wconf 89' lang='lat' dir='ltr'>deleta</span> <span class='ocrx_word' id='word_1_105' title='bbox 715 1552 832 1606; x_wconf 81' lang='lat' dir='ltr'>lectione</span> <span class='ocrx_word' id='word_1_106' title='bbox 852 1557 926 1605; x_wconf 70' lang='lat' dir='ltr'>erecti</span> <span class='ocrx_word' id='word_1_107' title='bbox 944 1570 1058 1620; x_wconf 70' lang='lat' dir='ltr'>corporo</span> <span class='ocrx_word' id='word_1_108' title='bbox 1078 1561 1275 1605; x_wconf 77' lang='lat' dir='ltr'>recurouerunr</span> <span class='ocrx_word' id='word_1_109' title='bbox 1295 1561 1325 1621; x_wconf 84' lang='lat' dir='ltr'>el,</span> <span class='ocrx_word' id='word_1_110' title='bbox 1345 1571 1427 1620; x_wconf 88' lang='lat' dir='ltr'>quam</span> 
     </span>
     <span class='ocr_line' id='line_1_14' title="bbox 200 1640 1429 1710; baseline -0.001 -14"><span class='ocrx_word' id='word_1_111' title='bbox 200 1642 314 1696; x_wconf 87' lang='lat' dir='ltr'>eandem</span> <span class='ocrx_word' id='word_1_112' title='bbox 335 1643 443 1694; x_wconf 83' lang='lat' dir='ltr'><em>MRBP</em></span> <span class='ocrx_word' id='word_1_113' title='bbox 458 1640 484 1706; x_wconf 82' lang='grc'>(3</span> <span class='ocrx_word' id='word_1_114' title='bbox 503 1641 584 1694; x_wconf 90' lang='lat' dir='ltr'>Ulitt.</span> <span class='ocrx_word' id='word_1_115' title='bbox 605 1644 634 1694; x_wconf 93' lang='lat' dir='ltr'>et</span> <span class='ocrx_word' id='word_1_116' title='bbox 652 1641 779 1697; x_wconf 90' lang='lat' dir='ltr'>nonnulli</span> <span class='ocrx_word' id='word_1_117' title='bbox 797 1640 888 1707; x_wconf 85' lang='lat' dir='ltr'>Stav.)</span> <span class='ocrx_word' id='word_1_118' title='bbox 909 1640 1047 1705; x_wconf 78' lang='lat' dir='ltr'>exhibent,</span> <span class='ocrx_word' id='word_1_119' title='bbox 1073 1640 1128 1694; x_wconf 89' lang='lat' dir='ltr'>nisi</span> <span class='ocrx_word' id='word_1_120' title='bbox 1150 1640 1222 1709; x_wconf 84' lang='lat' dir='ltr'>quod</span> <span class='ocrx_word' id='word_1_121' title='bbox 1245 1659 1294 1710; x_wconf 92' lang='lat' dir='ltr'>pro</span> <span class='ocrx_word' id='word_1_122' title='bbox 1319 1660 1429 1695; x_wconf 78' lang='lat' dir='ltr'>recura-</span> 
     </span>
     <span class='ocr_line' id='line_1_15' title="bbox 199 1730 1428 1798; baseline 0.001 -15"><span class='ocrx_word' id='word_1_123' title='bbox 199 1739 298 1784; x_wconf 81' lang='lat' dir='ltr'>uerunt</span> <span class='ocrx_word' id='word_1_124' title='bbox 320 1747 407 1798; x_wconf 89' lang='lat' dir='ltr'>paene</span> <span class='ocrx_word' id='word_1_125' title='bbox 431 1746 523 1783; x_wconf 89' lang='lat' dir='ltr'>omnes</span> <span class='ocrx_word' id='word_1_126' title='bbox 547 1732 667 1798; x_wconf 83' lang='lat' dir='ltr'>(praeter</span> <span class='ocrx_word' id='word_1_127' title='bbox 690 1732 716 1781; x_wconf 93' lang='lat' dir='ltr'><em>P</em></span> <span class='ocrx_word' id='word_1_128' title='bbox 737 1730 828 1783; x_wconf 83' lang='lat' dir='ltr'>‘Laid&#39;</span> <span class='ocrx_word' id='word_1_129' title='bbox 854 1730 937 1783; x_wconf 80' lang='lat' dir='ltr'>‘Voss</span> <span class='ocrx_word' id='word_1_130' title='bbox 964 1732 1034 1792; x_wconf 82' lang='lat' dir='ltr'>see’)</span> <span class='ocrx_word' id='word_1_131' title='bbox 1058 1731 1162 1784; x_wconf 88' lang='lat' dir='ltr'>habent</span> <span class='ocrx_word' id='word_1_132' title='bbox 1191 1740 1428 1798; x_wconf 74' lang='lat' dir='ltr'>recaperauaunt.</span> 
     </span>
     <span class='ocr_line' id='line_1_16' title="bbox 199 1818 1429 1886; baseline 0 -14"><span class='ocrx_word' id='word_1_133' title='bbox 199 1823 228 1873; x_wconf 91' lang='lat' dir='ltr'>et</span> <span class='ocrx_word' id='word_1_134' title='bbox 255 1824 328 1873; x_wconf 86' lang='lat' dir='ltr'>reete</span> <span class='ocrx_word' id='word_1_135' title='bbox 355 1819 475 1886; x_wconf 88' lang='lat' dir='ltr'>quidem.</span> <span class='ocrx_word' id='word_1_136' title='bbox 519 1836 585 1872; x_wconf 90' lang='lat' dir='ltr'>nam</span> <span class='ocrx_word' id='word_1_137' title='bbox 607 1819 676 1872; x_wconf 86' lang='lat' dir='ltr'>haee</span> <span class='ocrx_word' id='word_1_138' title='bbox 698 1837 752 1872; x_wconf 93' lang='lat' dir='ltr'>uox</span> <span class='ocrx_word' id='word_1_139' title='bbox 775 1818 856 1872; x_wconf 87' lang='lat' dir='ltr'>facile</span> <span class='ocrx_word' id='word_1_140' title='bbox 880 1818 973 1886; x_wconf 92' lang='lat' dir='ltr'>potuit</span> <span class='ocrx_word' id='word_1_141' title='bbox 999 1819 1074 1872; x_wconf 90' lang='lat' dir='ltr'>abire</span> <span class='ocrx_word' id='word_1_142' title='bbox 1097 1819 1126 1872; x_wconf 93' lang='lat' dir='ltr'>in</span> <span class='ocrx_word' id='word_1_143' title='bbox 1150 1828 1348 1872; x_wconf 63' lang='lat' dir='ltr'>reem-ouercam</span> <span class='ocrx_word' id='word_1_144' title='bbox 1374 1837 1429 1873; x_wconf 91' lang='lat' dir='ltr'>non</span> 
     </span>
     <span class='ocr_line' id='line_1_17' title="bbox 199 1907 1429 1977; baseline 0 -16"><span class='ocrx_word' id='word_1_145' title='bbox 199 1909 287 1962; x_wconf 88' lang='lat' dir='ltr'>solum</span> <span class='ocrx_word' id='word_1_146' title='bbox 306 1912 418 1977; x_wconf 90' lang='lat' dir='ltr'>propter</span> <span class='ocrx_word' id='word_1_147' title='bbox 437 1907 649 1962; x_wconf 87' lang='lat' dir='ltr'>similitudinem</span> <span class='ocrx_word' id='word_1_148' title='bbox 668 1908 865 1977; x_wconf 81' lang='lat' dir='ltr'>conpendiosae</span> <span class='ocrx_word' id='word_1_149' title='bbox 884 1908 1044 1976; x_wconf 84' lang='lat' dir='ltr'>scripturae,</span> <span class='ocrx_word' id='word_1_150' title='bbox 1064 1908 1110 1962; x_wconf 89' lang='lat' dir='ltr'>sed</span> <span class='ocrx_word' id='word_1_151' title='bbox 1130 1908 1215 1962; x_wconf 90' lang='lat' dir='ltr'>etiam</span> <span class='ocrx_word' id='word_1_152' title='bbox 1234 1926 1296 1961; x_wconf 90' lang='lat' dir='ltr'>oum</span> <span class='ocrx_word' id='word_1_153' title='bbox 1315 1910 1429 1961; x_wconf 88' lang='lat' dir='ltr'>uerbum</span> 
     </span>
     <span class='ocr_line' id='line_1_18' title="bbox 199 1996 1430 2065; baseline 0 -15"><span class='ocrx_word' id='word_1_154' title='bbox 199 1996 343 2051; x_wconf 80' lang='lat' dir='ltr'>recurandi</span> <span class='ocrx_word' id='word_1_155' title='bbox 377 1997 511 2065; x_wconf 76' lang='lat' dir='ltr'>aptiorem</span> <span class='ocrx_word' id='word_1_156' title='bbox 540 1998 586 2051; x_wconf 88' lang='lat' dir='ltr'>uel</span> <span class='ocrx_word' id='word_1_157' title='bbox 617 1997 768 2050; x_wconf 84' lang='lat' dir='ltr'>faciliorem</span> <span class='ocrx_word' id='word_1_158' title='bbox 800 1997 942 2050; x_wconf 89' lang='lat' dir='ltr'>uideretur</span> <span class='ocrx_word' id='word_1_159' title='bbox 973 1997 1086 2050; x_wconf 88' lang='lat' dir='ltr'>librario</span> <span class='ocrx_word' id='word_1_160' title='bbox 1118 1997 1218 2050; x_wconf 88' lang='lat' dir='ltr'>habere</span> <span class='ocrx_word' id='word_1_161' title='bbox 1249 2014 1357 2050; x_wconf 88' lang='lat' dir='ltr'>sensum</span> <span class='ocrx_word' id='word_1_162' title='bbox 1386 1998 1430 2059; x_wconf 82' lang='lat' dir='ltr'>lde</span> 
     </span>
     <span class='ocr_line' id='line_1_19' title="bbox 200 2086 1425 2155; baseline 0.003 -16"><span class='ocrx_word' id='word_1_163' title='bbox 200 2091 330 2139; x_wconf 67' lang='lat' dir='ltr'>recreetis</span> <span class='ocrx_word' id='word_1_164' title='bbox 349 2086 422 2154; x_wconf 84' lang='lat' dir='ltr'>quod</span> <span class='ocrx_word' id='word_1_165' title='bbox 440 2086 606 2140; x_wconf 84' lang='lat' dir='ltr'>Munckerus</span> <span class='ocrx_word' id='word_1_166' title='bbox 625 2104 657 2139; x_wconf 90' lang='lat' dir='ltr'>ex</span> <span class='ocrx_word' id='word_1_167' title='bbox 678 2086 759 2139; x_wconf 83' lang='lat' dir='ltr'>‘Susii</span> <span class='ocrx_word' id='word_1_168' title='bbox 778 2086 843 2140; x_wconf 74' lang='lat' dir='ltr'>cod*</span> <span class='ocrx_word' id='word_1_169' title='bbox 864 2086 968 2155; x_wconf 87' lang='lat' dir='ltr'>profert</span> <span class='ocrx_word' id='word_1_170' title='bbox 986 2105 1012 2139; x_wconf 90' lang='lat' dir='ltr'>n.</span> <span class='ocrx_word' id='word_1_171' title='bbox 1032 2086 1105 2139; x_wconf 87' lang='lat' dir='ltr'>infra</span> <span class='ocrx_word' id='word_1_172' title='bbox 1124 2104 1144 2140; x_wconf 86' lang='lat' dir='ltr'>e.</span> <span class='ocrx_word' id='word_1_173' title='bbox 1156 2086 1231 2151; x_wconf 58' lang='lat' dir='ltr'>Hfil</span> <span class='ocrx_word' id='word_1_174' title='bbox 1255 2086 1316 2139; x_wconf 88' lang='lat' dir='ltr'>adn.</span> <span class='ocrx_word' id='word_1_175' title='bbox 1332 2087 1384 2143; x_wconf 64' lang='lat' dir='ltr'>aot.</span> <span class='ocrx_word' id='word_1_176' title='bbox 1400 2116 1425 2123; x_wconf 87' lang='lat'><em>-</em></span> 
     </span>
     <span class='ocr_line' id='line_1_20' title="bbox 199 2175 1430 2243; baseline 0 -15"><span class='ocrx_word' id='word_1_177' title='bbox 199 2194 225 2243; x_wconf 90' lang='lat' dir='ltr'>p.</span> <span class='ocrx_word' id='word_1_178' title='bbox 241 2177 300 2238; x_wconf 81' lang='grc'>62,5</span> <span class='ocrx_word' id='word_1_179' title='bbox 320 2178 394 2229; x_wconf 84' lang='lat' dir='ltr'>tacet</span> <span class='ocrx_word' id='word_1_180' title='bbox 408 2176 530 2228; x_wconf 86' lang='lat' dir='ltr'>Bnnteus</span> <span class='ocrx_word' id='word_1_181' title='bbox 549 2193 628 2229; x_wconf 87' lang='lat' dir='ltr'>uoees</span> <span class='ocrx_word' id='word_1_182' title='bbox 647 2179 690 2228; x_wconf 82' lang='lat' dir='ltr'>illi</span> <span class='ocrx_word' id='word_1_183' title='bbox 709 2179 736 2229; x_wconf 90' lang='lat' dir='ltr'>et</span> <span class='ocrx_word' id='word_1_184' title='bbox 754 2179 892 2242; x_wconf 70' lang='lat' dir='ltr'>fortunia</span> <span class='ocrx_word' id='word_1_185' title='bbox 906 2194 942 2228; x_wconf 86' lang='lat' dir='ltr'>nr.</span> <span class='ocrx_word' id='word_1_186' title='bbox 959 2177 972 2228; x_wconf 88' lang='lat'>1</span> <span class='ocrx_word' id='word_1_187' title='bbox 989 2175 1101 2228; x_wconf 86' lang='lat' dir='ltr'>omissas</span> <span class='ocrx_word' id='word_1_188' title='bbox 1117 2179 1145 2229; x_wconf 88' lang='lat' dir='ltr'>et</span> <span class='ocrx_word' id='word_1_189' title='bbox 1158 2176 1354 2243; x_wconf 80' lang='lat' dir='ltr'>superscriptas</span> <span class='ocrx_word' id='word_1_190' title='bbox 1374 2193 1430 2228; x_wconf 88' lang='lat' dir='ltr'>esse</span> 
     </span>
     <span class='ocr_line' id='line_1_21' title="bbox 200 2264 1429 2332; baseline 0.001 -16"><span class='ocrx_word' id='word_1_191' title='bbox 200 2281 397 2326; x_wconf 83' lang='lat' dir='ltr'>asee.1n.‚u.</span> <span class='ocrx_word' id='word_1_192' title='bbox 419 2265 434 2317; x_wconf 88' lang='grc'><strong>6</strong></span> <span class='ocrx_word' id='word_1_193' title='bbox 459 2268 588 2317; x_wconf 69' lang='lat' dir='ltr'>(bearunt</span> <span class='ocrx_word' id='word_1_194' title='bbox 612 2267 763 2318; x_wconf 75' lang='lat' dir='ltr'>correctum</span> <span class='ocrx_word' id='word_1_195' title='bbox 786 2281 842 2318; x_wconf 91' lang='lat' dir='ltr'>esse</span> <span class='ocrx_word' id='word_1_196' title='bbox 866 2264 895 2317; x_wconf 91' lang='lat' dir='ltr'>iu</span> <span class='ocrx_word' id='word_1_197' title='bbox 920 2268 1020 2317; x_wconf 74' lang='lat' dir='ltr'>diaron.</span> <span class='ocrx_word' id='word_1_198' title='bbox 1059 2282 1121 2318; x_wconf 86' lang='lat' dir='ltr'>eum</span> <span class='ocrx_word' id='word_1_199' title='bbox 1145 2268 1239 2318; x_wconf 88' lang='lat' dir='ltr'>autem</span> <span class='ocrx_word' id='word_1_200' title='bbox 1263 2265 1330 2319; x_wconf 86' lang='lat' dir='ltr'>haec</span> <span class='ocrx_word' id='word_1_201' title='bbox 1353 2281 1429 2332; x_wconf 91' lang='lat' dir='ltr'>prae-</span> 
     </span>
     <span class='ocr_line' id='line_1_22' title="bbox 200 2352 1430 2422; baseline 0.002 -17"><span class='ocrx_word' id='word_1_202' title='bbox 200 2353 291 2406; x_wconf 88' lang='lat' dir='ltr'>sentia</span> <span class='ocrx_word' id='word_1_203' title='bbox 310 2353 339 2405; x_wconf 93' lang='lat' dir='ltr'>in</span> <span class='ocrx_word' id='word_1_204' title='bbox 358 2353 422 2406; x_wconf 88' lang='lat' dir='ltr'>solis</span> <span class='ocrx_word' id='word_1_205' title='bbox 440 2352 516 2407; x_wconf 88' lang='lat' dir='ltr'>oodd.</span> <span class='ocrx_word' id='word_1_206' title='bbox 532 2355 611 2405; x_wconf 79' lang='lat' dir='ltr'>PFN</span> <span class='ocrx_word' id='word_1_207' title='bbox 614 2355 639 2406; x_wconf 89' lang='lat' dir='ltr'><em>U</em></span> <span class='ocrx_word' id='word_1_208' title='bbox 654 2356 770 2417; x_wconf 73' lang='lat' dir='ltr'>exstent,</span> <span class='ocrx_word' id='word_1_209' title='bbox 790 2354 912 2421; x_wconf 87' lang='lat' dir='ltr'>perfecta</span> <span class='ocrx_word' id='word_1_210' title='bbox 930 2355 1051 2407; x_wconf 88' lang='lat' dir='ltr'>babeant</span> <span class='ocrx_word' id='word_1_211' title='bbox 1065 2356 1174 2406; x_wconf 83' lang='lat' dir='ltr'><em>MRBG</em></span> <span class='ocrx_word' id='word_1_212' title='bbox 1193 2354 1222 2406; x_wconf 92' lang='lat' dir='ltr'>in</span> <span class='ocrx_word' id='word_1_213' title='bbox 1241 2371 1295 2422; x_wconf 84' lang='lat' dir='ltr'>quo</span> <span class='ocrx_word' id='word_1_214' title='bbox 1308 2358 1430 2421; x_wconf 77' lang='lat' dir='ltr'>fecer-nat</span> 
     </span>
     <span class='ocr_line' id='line_1_23' title="bbox 201 2441 1430 2511; baseline 0.002 -17"><span class='ocrx_word' id='word_1_215' title='bbox 201 2446 233 2496; x_wconf 92' lang='lat' dir='ltr'>ut</span> <span class='ocrx_word' id='word_1_216' title='bbox 255 2443 285 2495; x_wconf 90' lang='lat' dir='ltr'>in</span> <span class='ocrx_word' id='word_1_217' title='bbox 311 2445 337 2494; x_wconf 89' lang='lat' dir='ltr'>I)</span> <span class='ocrx_word' id='word_1_218' title='bbox 365 2443 495 2496; x_wconf 86' lang='lat' dir='ltr'>omissum</span> <span class='ocrx_word' id='word_1_219' title='bbox 519 2446 560 2497; x_wconf 91' lang='lat' dir='ltr'>est</span> <span class='ocrx_word' id='word_1_220' title='bbox 583 2441 622 2508; x_wconf 88' lang='lat' dir='ltr'>(et</span> <span class='ocrx_word' id='word_1_221' title='bbox 645 2442 727 2496; x_wconf 91' lang='lat' dir='ltr'>Ulitt.</span> <span class='ocrx_word' id='word_1_222' title='bbox 752 2446 780 2497; x_wconf 90' lang='lat' dir='ltr'>et</span> <span class='ocrx_word' id='word_1_223' title='bbox 804 2443 878 2497; x_wconf 83' lang='lat' dir='ltr'>codd.</span> <span class='ocrx_word' id='word_1_224' title='bbox 905 2443 981 2498; x_wconf 84' lang='lat' dir='ltr'>Stav.</span> <span class='ocrx_word' id='word_1_225' title='bbox 1009 2460 1096 2511; x_wconf 90' lang='lat' dir='ltr'>paene</span> <span class='ocrx_word' id='word_1_226' title='bbox 1118 2444 1230 2509; x_wconf 85' lang='lat' dir='ltr'>omues),</span> <span class='ocrx_word' id='word_1_227' title='bbox 1257 2447 1379 2510; x_wconf 73' lang='lat' dir='ltr'>fecerunt</span> <span class='ocrx_word' id='word_1_228' title='bbox 1402 2447 1430 2497; x_wconf 91' lang='lat' dir='ltr'>et</span> 
     </span>
     <span class='ocr_line' id='line_1_24' title="bbox 201 2531 1449 2600; baseline 0.002 -17"><span class='ocrx_word' id='word_1_229' title='bbox 201 2535 330 2584; x_wconf 71' lang='lat' dir='ltr'>‹liaermu</span> <span class='ocrx_word' id='word_1_230' title='bbox 348 2532 459 2600; x_wconf 82' lang='lat' dir='ltr'>Hygino</span> <span class='ocrx_word' id='word_1_231' title='bbox 483 2535 547 2585; x_wconf 86' lang='lat' dir='ltr'>sunt</span> <span class='ocrx_word' id='word_1_232' title='bbox 565 2531 704 2587; x_wconf 88' lang='lat' dir='ltr'>reddenda</span> <span class='ocrx_word' id='word_1_233' title='bbox 727 2532 770 2598; x_wconf 81' lang='lat' dir='ltr'>(of.</span> <span class='ocrx_word' id='word_1_234' title='bbox 790 2551 816 2586; x_wconf 89' lang='lat' dir='ltr'>u.</span> <span class='ocrx_word' id='word_1_235' title='bbox 837 2535 853 2586; x_wconf 88' lang='lat'><strong>3</strong></span> <span class='ocrx_word' id='word_1_236' title='bbox 872 2536 1033 2594; x_wconf 70' lang='lat' dir='ltr'>replicarunt).</span> <span class='ocrx_word' id='word_1_237' title='bbox 1072 2532 1119 2586; x_wconf 91' lang='lat' dir='ltr'>sed</span> <span class='ocrx_word' id='word_1_238' title='bbox 1137 2532 1233 2586; x_wconf 91' lang='lat' dir='ltr'>dubito</span> <span class='ocrx_word' id='word_1_239' title='bbox 1253 2532 1285 2586; x_wconf 89' lang='lat' dir='ltr'>de</span> <span class='ocrx_word' id='word_1_240' title='bbox 1304 2549 1370 2586; x_wconf 88' lang='lat' dir='ltr'>uoee</span> <span class='ocrx_word' id='word_1_241' title='bbox 1390 2535 1449 2585; x_wconf 75' lang='lat' dir='ltr'>illi·</span> 
     </span>
     <span class='ocr_line' id='line_1_25' title="bbox 200 2620 1503 2689; baseline 0.001 -17"><span class='ocrx_word' id='word_1_242' title='bbox 200 2637 272 2687; x_wconf 88' lang='lat' dir='ltr'>quae</span> <span class='ocrx_word' id='word_1_243' title='bbox 291 2620 377 2674; x_wconf 88' lang='lat' dir='ltr'>etiam</span> <span class='ocrx_word' id='word_1_244' title='bbox 395 2620 424 2672; x_wconf 91' lang='lat' dir='ltr'>in</span> <span class='ocrx_word' id='word_1_245' title='bbox 445 2623 526 2672; x_wconf 84' lang='lat' dir='ltr'>MRB</span> <span class='ocrx_word' id='word_1_246' title='bbox 544 2621 627 2675; x_wconf 88' lang='lat' dir='ltr'>deest.</span> <span class='ocrx_word' id='word_1_247' title='bbox 665 2621 695 2674; x_wconf 91' lang='lat' dir='ltr'>in</span> <span class='ocrx_word' id='word_1_248' title='bbox 716 2624 741 2675; x_wconf 88' lang='lat' dir='ltr'><strong><em>D</em></strong></span> <span class='ocrx_word' id='word_1_249' title='bbox 759 2621 834 2676; x_wconf 83' lang='lat' dir='ltr'>eninr</span> <span class='ocrx_word' id='word_1_250' title='bbox 853 2621 958 2689; x_wconf 87' lang='lat' dir='ltr'>ipso-</span> <span class='ocrx_word' id='word_1_251' title='bbox 975 2622 1061 2675; x_wconf 87' lang='lat' dir='ltr'>etiam</span> <span class='ocrx_word' id='word_1_252' title='bbox 1080 2622 1131 2674; x_wconf 88' lang='lat' dir='ltr'>hoe</span> <span class='ocrx_word' id='word_1_253' title='bbox 1149 2621 1240 2674; x_wconf 87' lang='lat' dir='ltr'>Bnnte</span> <span class='ocrx_word' id='word_1_254' title='bbox 1258 2621 1381 2688; x_wconf 81' lang='lat' dir='ltr'>neglexit</span> <span class='ocrx_word' id='word_1_255' title='bbox 1399 2650 1429 2658; x_wconf 86' lang='lat'><em>-</em></span> <span class='ocrx_word' id='word_1_256' title='bbox 1501 2647 1503 2651; x_wconf 94' lang='lat'>·</span> 
     </span>
     <span class='ocr_line' id='line_1_26' title="bbox 201 2709 1432 2777; baseline -0.001 -15"><span class='ocrx_word' id='word_1_257' title='bbox 201 2713 230 2762; x_wconf 90' lang='lat' dir='ltr'>et</span> <span class='ocrx_word' id='word_1_258' title='bbox 253 2709 282 2760; x_wconf 91' lang='lat' dir='ltr'>in</span> <span class='ocrx_word' id='word_1_259' title='bbox 306 2711 358 2760; x_wconf 85' lang='lat' dir='ltr'>BG</span> <span class='ocrx_word' id='word_1_260' title='bbox 386 2725 434 2776; x_wconf 91' lang='lat' dir='ltr'>pro</span> <span class='ocrx_word' id='word_1_261' title='bbox 458 2709 511 2761; x_wconf 85' lang='lat' dir='ltr'>hae</span> <span class='ocrx_word' id='word_1_262' title='bbox 538 2726 604 2763; x_wconf 83' lang='lat' dir='ltr'>uoce</span> <span class='ocrx_word' id='word_1_263' title='bbox 627 2714 691 2763; x_wconf 85' lang='lat' dir='ltr'>ante</span> <span class='ocrx_word' id='word_1_264' title='bbox 720 2713 868 2763; x_wconf 66' lang='lat' dir='ltr'>sinceriorem</span> <span class='ocrx_word' id='word_1_265' title='bbox 893 2714 983 2764; x_wconf 89' lang='lat' dir='ltr'>exstat</span> <span class='ocrx_word' id='word_1_266' title='bbox 1007 2713 1101 2763; x_wconf 78' lang='lat' dir='ltr'>Liberi</span> <span class='ocrx_word' id='word_1_267' title='bbox 1126 2709 1320 2777; x_wconf 78' lang='lat' dir='ltr'>[insequuntur</span> <span class='ocrx_word' id='word_1_268' title='bbox 1347 2710 1432 2762; x_wconf 89' lang='lat' dir='ltr'>uerba</span> 
     </span>
     <span class='ocr_line' id='line_1_27' title="bbox 200 2797 1430 2868; baseline 0.001 -19"><span class='ocrx_word' id='word_1_269' title='bbox 200 2797 310 2864; x_wconf 81' lang='lat' dir='ltr'>punctis</span> <span class='ocrx_word' id='word_1_270' title='bbox 329 2799 425 2864; x_wconf 90' lang='lat' dir='ltr'>postea</span> <span class='ocrx_word' id='word_1_271' title='bbox 443 2800 542 2850; x_wconf 88' lang='lat' dir='ltr'>notata</span> <span class='ocrx_word' id='word_1_272' title='bbox 561 2801 652 2850; x_wconf 82' lang='lat' dir='ltr'>sidero</span> <span class='ocrx_word' id='word_1_273' title='bbox 669 2802 754 2864; x_wconf 73' lang='lat' dir='ltr'>fixum</span> <span class='ocrx_word' id='word_1_274' title='bbox 774 2803 910 2866; x_wconf 74' lang='lat' dir='ltr'>diamant,</span> <span class='ocrx_word' id='word_1_275' title='bbox 930 2817 1001 2867; x_wconf 83' lang='lat' dir='ltr'>quae</span> <span class='ocrx_word' id='word_1_276' title='bbox 1020 2800 1193 2868; x_wconf 88' lang='lat' dir='ltr'>inrepserunt</span> <span class='ocrx_word' id='word_1_277' title='bbox 1212 2799 1241 2851; x_wconf 91' lang='lat' dir='ltr'>ni</span> <span class='ocrx_word' id='word_1_278' title='bbox 1260 2799 1348 2861; x_wconf 88' lang='lat' dir='ltr'>fallor,</span> <span class='ocrx_word' id='word_1_279' title='bbox 1368 2816 1430 2850; x_wconf 89' lang='lat' dir='ltr'>eum</span> 
     </span>
     <span class='ocr_line' id='line_1_28' title="bbox 200 2885 1431 2954; baseline 0.001 -16"><span class='ocrx_word' id='word_1_280' title='bbox 200 2885 329 2939; x_wconf 85' lang='lat' dir='ltr'>librarius</span> <span class='ocrx_word' id='word_1_281' title='bbox 349 2887 382 2939; x_wconf 88' lang='lat' dir='ltr'>ab</span> <span class='ocrx_word' id='word_1_282' title='bbox 402 2885 483 2939; x_wconf 89' lang='lat' dir='ltr'>initio</span> <span class='ocrx_word' id='word_1_283' title='bbox 502 2886 576 2939; x_wconf 82' lang='lat' dir='ltr'>nocis</span> <span class='ocrx_word' id='word_1_284' title='bbox 595 2887 744 2941; x_wconf 79' lang='lat' dir='ltr'>simulacra</span> <span class='ocrx_word' id='word_1_285' title='bbox 762 2888 914 2942; x_wconf 83' lang='lat' dir='ltr'>aberrasset</span> <span class='ocrx_word' id='word_1_286' title='bbox 933 2888 968 2942; x_wconf 90' lang='lat' dir='ltr'>ad</span> <span class='ocrx_word' id='word_1_287' title='bbox 983 2887 1094 2954; x_wconf 74' lang='lat' dir='ltr'>alderal.</span> <span class='ocrx_word' id='word_1_288' title='bbox 1123 2887 1162 2940; x_wconf 88' lang='lat' dir='ltr'>sio</span> <span class='ocrx_word' id='word_1_289' title='bbox 1176 2891 1219 2940; x_wconf 82' lang='lat' dir='ltr'>illi</span> <span class='ocrx_word' id='word_1_290' title='bbox 1233 2887 1431 2940; x_wconf 88' lang='lat' dir='ltr'>uetustioribus</span> 
     </span>
     <span class='ocr_line' id='line_1_29' title="bbox 201 2974 1431 3039; baseline 0.001 -12"><span class='ocrx_word' id='word_1_291' title='bbox 201 2975 327 3027; x_wconf 89' lang='lat' dir='ltr'>omnibns</span> <span class='ocrx_word' id='word_1_292' title='bbox 342 2974 487 3038; x_wconf 89' lang='lat' dir='ltr'>refutatur,</span> <span class='ocrx_word' id='word_1_293' title='bbox 507 2978 603 3028; x_wconf 77' lang='lat' dir='ltr'>Liberi</span> <span class='ocrx_word' id='word_1_294' title='bbox 620 2977 827 3030; x_wconf 84' lang='lat' dir='ltr'>commendatur</span> <span class='ocrx_word' id='word_1_295' title='bbox 846 2977 937 3031; x_wconf 85' lang='lat' dir='ltr'>codiee</span> <span class='ocrx_word' id='word_1_296' title='bbox 952 2981 978 3030; x_wconf 89' lang='lat' dir='ltr'><em>D</em></span> <span class='ocrx_word' id='word_1_297' title='bbox 994 2982 1021 3031; x_wconf 92' lang='lat' dir='ltr'>et</span> <span class='ocrx_word' id='word_1_298' title='bbox 1040 2977 1187 3039; x_wconf 85' lang='lat' dir='ltr'>sententia,</span> <span class='ocrx_word' id='word_1_299' title='bbox 1207 2994 1273 3029; x_wconf 89' lang='lat' dir='ltr'>nam</span> <span class='ocrx_word' id='word_1_300' title='bbox 1292 2975 1325 3029; x_wconf 90' lang='lat' dir='ltr'>de</span> <span class='ocrx_word' id='word_1_301' title='bbox 1340 2976 1431 3029; x_wconf 87' lang='lat' dir='ltr'>Liberi</span> 
     </span>
    </p>

    <p class='ocr_par' dir='ltr' id='par_1_6' title="bbox 93 3064 1434 4721">
     <span class='ocr_line' id='line_1_30' title="bbox 93 3064 1429 3135; baseline 0.002 -19"><span class='ocrx_word' id='word_1_302' title='bbox 93 3090 98 3111; x_wconf 70' lang='grc' dir='ltr'>ι</span> <span class='ocrx_word' id='word_1_303' title='bbox 201 3064 356 3117; x_wconf 83' lang='lat' dir='ltr'>simulacris</span> <span class='ocrx_word' id='word_1_304' title='bbox 375 3064 496 3118; x_wconf 78' lang='lat' dir='ltr'>cornutis</span> <span class='ocrx_word' id='word_1_305' title='bbox 516 3066 566 3118; x_wconf 87' lang='lat' dir='ltr'>hoo</span> <span class='ocrx_word' id='word_1_306' title='bbox 585 3066 643 3119; x_wconf 88' lang='lat' dir='ltr'>looo</span> <span class='ocrx_word' id='word_1_307' title='bbox 663 3070 703 3119; x_wconf 89' lang='lat' dir='ltr'>est</span> <span class='ocrx_word' id='word_1_308' title='bbox 723 3064 817 3130; x_wconf 71' lang='lat' dir='ltr'>sermo</span> <span class='ocrx_word' id='word_1_309' title='bbox 838 3084 921 3135; x_wconf 89' lang='lat' dir='ltr'>snpra</span> <span class='ocrx_word' id='word_1_310' title='bbox 940 3067 976 3129; x_wconf 87' lang='lat' dir='ltr'>(u.</span> <span class='ocrx_word' id='word_1_311' title='bbox 991 3068 1016 3125; x_wconf 83' lang='lat' dir='ltr'>ll</span> <span class='ocrx_word' id='word_1_312' title='bbox 1035 3066 1068 3119; x_wconf 93' lang='lat' dir='ltr'>de</span> <span class='ocrx_word' id='word_1_313' title='bbox 1087 3065 1240 3118; x_wconf 80' lang='lat' dir='ltr'>simulacris</span> <span class='ocrx_word' id='word_1_314' title='bbox 1260 3066 1429 3119; x_wconf 87' lang='lat' dir='ltr'>Hammonis.</span> 
     </span>
     <span class='ocr_line' id='line_1_31' title="bbox 203 3154 1431 3222; baseline 0.002 -16"><span class='ocrx_word' id='word_1_315' title='bbox 203 3182 234 3190; x_wconf 93' lang='lat'><em>-</em></span> <span class='ocrx_word' id='word_1_316' title='bbox 250 3172 276 3222; x_wconf 87' lang='lat' dir='ltr'>p.</span> <span class='ocrx_word' id='word_1_317' title='bbox 292 3155 353 3216; x_wconf 81' lang='grc'>67,2</span> <span class='ocrx_word' id='word_1_318' title='bbox 367 3157 441 3208; x_wconf 80' lang='lat' dir='ltr'>reete</span> <span class='ocrx_word' id='word_1_319' title='bbox 455 3154 605 3208; x_wconf 89' lang='lat' dir='ltr'>Bursianns</span> <span class='ocrx_word' id='word_1_320' title='bbox 620 3172 653 3208; x_wconf 88' lang='lat' dir='ltr'>ex</span> <span class='ocrx_word' id='word_1_321' title='bbox 666 3157 691 3207; x_wconf 85' lang='lat' dir='ltr'><em>R</em></span> <span class='ocrx_word' id='word_1_322' title='bbox 705 3156 828 3210; x_wconf 89' lang='lat' dir='ltr'>restituit</span> <span class='ocrx_word' id='word_1_323' title='bbox 845 3160 945 3209; x_wconf 78' lang='lat' dir='ltr'>crinem</span> <span class='ocrx_word' id='word_1_324' title='bbox 961 3155 1002 3215; x_wconf 84' lang='lat' dir='ltr'>(of.</span> <span class='ocrx_word' id='word_1_325' title='bbox 1020 3157 1043 3207; x_wconf 83' lang='grc'>6.</span> <span class='ocrx_word' id='word_1_326' title='bbox 1056 3156 1079 3207; x_wconf 84' lang='grc'>9.</span> <span class='ocrx_word' id='word_1_327' title='bbox 1095 3156 1136 3219; x_wconf 83' lang='lat'>11)</span> <span class='ocrx_word' id='word_1_328' title='bbox 1156 3172 1227 3222; x_wconf 88' lang='lat' dir='ltr'>quae</span> <span class='ocrx_word' id='word_1_329' title='bbox 1242 3154 1324 3208; x_wconf 90' lang='lat' dir='ltr'>leotio</span> <span class='ocrx_word' id='word_1_330' title='bbox 1340 3155 1431 3208; x_wconf 86' lang='lat' dir='ltr'>codiee</span> 
     </span>
     <span class='ocr_line' id='line_1_32' title="bbox 202 3243 1432 3319; baseline 0.002 -25"><span class='ocrx_word' id='word_1_331' title='bbox 202 3245 229 3294; x_wconf 89' lang='lat' dir='ltr'><em>D</em></span> <span class='ocrx_word' id='word_1_332' title='bbox 248 3244 432 3308; x_wconf 84' lang='lat' dir='ltr'>confirmetur,</span> <span class='ocrx_word' id='word_1_333' title='bbox 458 3243 487 3296; x_wconf 88' lang='lat' dir='ltr'>in</span> <span class='ocrx_word' id='word_1_334' title='bbox 512 3262 567 3312; x_wconf 83' lang='lat' dir='ltr'>quo</span> <span class='ocrx_word' id='word_1_335' title='bbox 591 3248 692 3297; x_wconf 72' lang='lat' dir='ltr'>minem</span> <span class='ocrx_word' id='word_1_336' title='bbox 715 3249 865 3299; x_wconf 82' lang='lat' dir='ltr'>ooneetnm</span> <span class='ocrx_word' id='word_1_337' title='bbox 889 3248 930 3298; x_wconf 86' lang='lat' dir='ltr'>est</span> <span class='ocrx_word' id='word_1_338' title='bbox 953 3244 983 3296; x_wconf 91' lang='lat' dir='ltr'>iu</span> <span class='ocrx_word' id='word_1_339' title='bbox 1002 3243 1148 3319; x_wconf 86' lang='lat' dir='ltr'>uulgatam</span> <span class='ocrx_word' id='word_1_340' title='bbox 1173 3244 1319 3298; x_wconf 78' lang='lat' dir='ltr'>lectionem</span> <span class='ocrx_word' id='word_1_341' title='bbox 1343 3248 1432 3297; x_wconf 66' lang='lat' dir='ltr'>eritrea</span> 
     </span>
     <span class='ocr_line' id='line_1_33' title="bbox 201 3332 1430 3400; baseline 0.001 -15"><span class='ocrx_word' id='word_1_342' title='bbox 201 3349 285 3398; x_wconf 88' lang='lat' dir='ltr'>quarn</span> <span class='ocrx_word' id='word_1_343' title='bbox 305 3333 395 3385; x_wconf 87' lang='lat' dir='ltr'>Bnnte</span> <span class='ocrx_word' id='word_1_344' title='bbox 414 3333 550 3386; x_wconf 86' lang='lat' dir='ltr'>intactam</span> <span class='ocrx_word' id='word_1_345' title='bbox 569 3333 690 3400; x_wconf 88' lang='lat' dir='ltr'>reliquit.</span> <span class='ocrx_word' id='word_1_346' title='bbox 712 3362 743 3369; x_wconf 91' lang='lat'>-</span> <span class='ocrx_word' id='word_1_347' title='bbox 763 3350 789 3400; x_wconf 89' lang='lat' dir='ltr'>p.</span> <span class='ocrx_word' id='word_1_348' title='bbox 810 3333 977 3395; x_wconf 78' lang='lat' dir='ltr'>77,8,oatem</span> <span class='ocrx_word' id='word_1_349' title='bbox 996 3332 1069 3399; x_wconf 90' lang='lat' dir='ltr'>quod</span> <span class='ocrx_word' id='word_1_350' title='bbox 1088 3335 1165 3385; x_wconf 85' lang='lat' dir='ltr'>BGP</span> <span class='ocrx_word' id='word_1_351' title='bbox 1185 3334 1259 3387; x_wconf 89' lang='lat' dir='ltr'>inter</span> <span class='ocrx_word' id='word_1_352' title='bbox 1278 3336 1430 3400; x_wconf 77' lang='lat' dir='ltr'>Demiphon</span> 
     </span>
     <span class='ocr_line' id='line_1_34' title="bbox 201 3420 1432 3489; baseline 0 -15"><span class='ocrx_word' id='word_1_353' title='bbox 201 3424 230 3474; x_wconf 90' lang='lat' dir='ltr'>et</span> <span class='ocrx_word' id='word_1_354' title='bbox 254 3425 372 3474; x_wconf 83' lang='lat' dir='ltr'>onmium-</span> <span class='ocrx_word' id='word_1_355' title='bbox 400 3422 504 3475; x_wconf 90' lang='lat' dir='ltr'>habent</span> <span class='ocrx_word' id='word_1_356' title='bbox 526 3451 554 3458; x_wconf 89' lang='lat'>-</span> <span class='ocrx_word' id='word_1_357' title='bbox 576 3423 666 3475; x_wconf 87' lang='lat' dir='ltr'>Bnnte</span> <span class='ocrx_word' id='word_1_358' title='bbox 694 3425 768 3474; x_wconf 88' lang='lat' dir='ltr'>recte</span> <span class='ocrx_word' id='word_1_359' title='bbox 791 3439 843 3475; x_wconf 89' lang='lat' dir='ltr'>om.</span> <span class='ocrx_word' id='word_1_360' title='bbox 860 3449 890 3457; x_wconf 87' lang='lat'><em>-</em></span> <span class='ocrx_word' id='word_1_361' title='bbox 911 3421 941 3473; x_wconf 92' lang='lat' dir='ltr'>iu</span> <span class='ocrx_word' id='word_1_362' title='bbox 960 3424 987 3473; x_wconf 88' lang='lat' dir='ltr'><em>D</em></span> <span class='ocrx_word' id='word_1_363' title='bbox 1006 3420 1052 3486; x_wconf 70' lang='grc' dir='ltr'>(ε</span> <span class='ocrx_word' id='word_1_364' title='bbox 1074 3424 1118 3485; x_wconf 89' lang='lat' dir='ltr'>M)</span> <span class='ocrx_word' id='word_1_365' title='bbox 1146 3439 1229 3489; x_wconf 84' lang='lat' dir='ltr'>supra</span> <span class='ocrx_word' id='word_1_366' title='bbox 1257 3422 1359 3475; x_wconf 91' lang='lat' dir='ltr'>lineam</span> <span class='ocrx_word' id='word_1_367' title='bbox 1389 3425 1432 3474; x_wconf 86' lang='lat' dir='ltr'>est</span> 
     </span>
     <span class='ocr_line' id='line_1_35' title="bbox 201 3509 1430 3580; baseline 0.002 -19"><span class='ocrx_word' id='word_1_368' title='bbox 201 3509 336 3573; x_wconf 88' lang='lat' dir='ltr'>additum,</span> <span class='ocrx_word' id='word_1_369' title='bbox 356 3512 429 3579; x_wconf 91' lang='lat' dir='ltr'>quod</span> <span class='ocrx_word' id='word_1_370' title='bbox 446 3511 571 3580; x_wconf 86' lang='lat' dir='ltr'>neglexit</span> <span class='ocrx_word' id='word_1_371' title='bbox 589 3512 686 3564; x_wconf 88' lang='lat' dir='ltr'>Bnnte.</span> <span class='ocrx_word' id='word_1_372' title='bbox 710 3540 740 3547; x_wconf 90' lang='lat'><em>-</em></span> <span class='ocrx_word' id='word_1_373' title='bbox 760 3511 796 3564; x_wconf 93' lang='lat' dir='ltr'>ib.</span> <span class='ocrx_word' id='word_1_374' title='bbox 817 3512 847 3564; x_wconf 81' lang='lat'>21</span> <span class='ocrx_word' id='word_1_375' title='bbox 868 3514 942 3576; x_wconf 76' lang='lat' dir='ltr'>filios</span> <span class='ocrx_word' id='word_1_376' title='bbox 961 3515 1018 3564; x_wconf 76' lang='lat' dir='ltr'>eiua</span> <span class='ocrx_word' id='word_1_377' title='bbox 1035 3532 1065 3554; x_wconf 95' lang='lat'>=</span> <span class='ocrx_word' id='word_1_378' title='bbox 1082 3512 1137 3564; x_wconf 86' lang='lat' dir='ltr'>MR</span> <span class='ocrx_word' id='word_1_379' title='bbox 1152 3511 1244 3570; x_wconf 74' lang='lat' dir='ltr'><em>(PFU</em></span> <span class='ocrx_word' id='word_1_380' title='bbox 1256 3513 1324 3572; x_wconf 74' lang='lat' dir='ltr'>edd.)</span> <span class='ocrx_word' id='word_1_381' title='bbox 1344 3512 1430 3564; x_wconf 88' lang='lat' dir='ltr'>etiam</span> 
     </span>
     <span class='ocr_line' id='line_1_36' title="bbox 202 3599 1432 3668; baseline -0.001 -16"><span class='ocrx_word' id='word_1_382' title='bbox 202 3616 235 3652; x_wconf 89' lang='lat' dir='ltr'>ex</span> <span class='ocrx_word' id='word_1_383' title='bbox 254 3603 281 3652; x_wconf 87' lang='lat' dir='ltr'><em>D</em></span> <span class='ocrx_word' id='word_1_384' title='bbox 301 3602 342 3653; x_wconf 87' lang='lat' dir='ltr'>est</span> <span class='ocrx_word' id='word_1_385' title='bbox 366 3600 575 3662; x_wconf 86' lang='lat' dir='ltr'>restituendum,</span> <span class='ocrx_word' id='word_1_386' title='bbox 599 3599 628 3652; x_wconf 87' lang='lat' dir='ltr'>in</span> <span class='ocrx_word' id='word_1_387' title='bbox 653 3617 706 3666; x_wconf 92' lang='lat' dir='ltr'>quo</span> <span class='ocrx_word' id='word_1_388' title='bbox 731 3599 803 3666; x_wconf 89' lang='lat' dir='ltr'>quod</span> <span class='ocrx_word' id='word_1_389' title='bbox 822 3599 913 3653; x_wconf 90' lang='lat' dir='ltr'>Bnnte</span> <span class='ocrx_word' id='word_1_390' title='bbox 935 3600 1065 3668; x_wconf 88' lang='lat' dir='ltr'>probauit</span> <span class='ocrx_word' id='word_1_391' title='bbox 1087 3603 1159 3668; x_wconf 76' lang='lat' dir='ltr'>repis</span> <span class='ocrx_word' id='word_1_392' title='bbox 1183 3601 1265 3667; x_wconf 76' lang='lat' dir='ltr'>(repis</span> <span class='ocrx_word' id='word_1_393' title='bbox 1286 3602 1360 3665; x_wconf 77' lang='lat' dir='ltr'>filius</span> <span class='ocrx_word' id='word_1_394' title='bbox 1379 3602 1432 3651; x_wconf 82' lang='lat' dir='ltr'>BG</span> 
     </span>
     <span class='ocr_line' id='line_1_37' title="bbox 202 3687 1432 3757; baseline 0 -18"><span class='ocrx_word' id='word_1_395' title='bbox 202 3687 336 3741; x_wconf 89' lang='lat' dir='ltr'>alteruter</span> <span class='ocrx_word' id='word_1_396' title='bbox 354 3689 431 3754; x_wconf 88' lang='lat' dir='ltr'>Mor.)</span> <span class='ocrx_word' id='word_1_397' title='bbox 450 3689 588 3757; x_wconf 86' lang='lat' dir='ltr'>genuinae</span> <span class='ocrx_word' id='word_1_398' title='bbox 606 3689 718 3742; x_wconf 82' lang='lat' dir='ltr'>lectioni</span> <span class='ocrx_word' id='word_1_399' title='bbox 737 3689 952 3757; x_wconf 82' lang='lat' dir='ltr'>superscriptum</span> <span class='ocrx_word' id='word_1_400' title='bbox 971 3692 1019 3742; x_wconf 91' lang='lat' dir='ltr'>eet.</span> <span class='ocrx_word' id='word_1_401' title='bbox 1034 3717 1063 3724; x_wconf 87' lang='lat'><strong>—</strong></span> <span class='ocrx_word' id='word_1_402' title='bbox 1075 3689 1168 3757; x_wconf 74' lang='lat' dir='ltr'>praa</span> <span class='ocrx_word' id='word_1_403' title='bbox 1182 3692 1275 3741; x_wconf 73' lang='lat' dir='ltr'>dieunt</span> <span class='ocrx_word' id='word_1_404' title='bbox 1289 3688 1317 3740; x_wconf 93' lang='lat' dir='ltr'>in</span> <span class='ocrx_word' id='word_1_405' title='bbox 1332 3689 1388 3741; x_wconf 92' lang='lat' dir='ltr'>solo</span> <span class='ocrx_word' id='word_1_406' title='bbox 1404 3691 1432 3739; x_wconf 93' lang='lat' dir='ltr'><em>D</em></span> 
     </span>
     <span class='ocr_line' id='line_1_38' title="bbox 202 3776 1434 3846; baseline 0.001 -19"><span class='ocrx_word' id='word_1_407' title='bbox 202 3793 285 3843; x_wconf 83' lang='lat' dir='ltr'>supra</span> <span class='ocrx_word' id='word_1_408' title='bbox 308 3777 411 3830; x_wconf 90' lang='lat' dir='ltr'>lineam</span> <span class='ocrx_word' id='word_1_409' title='bbox 435 3778 547 3846; x_wconf 83' lang='lat' dir='ltr'>legitur,</span> <span class='ocrx_word' id='word_1_410' title='bbox 572 3781 645 3831; x_wconf 84' lang='lat' dir='ltr'>recte</span> <span class='ocrx_word' id='word_1_411' title='bbox 668 3777 744 3831; x_wconf 90' lang='lat' dir='ltr'>deest</span> <span class='ocrx_word' id='word_1_412' title='bbox 767 3779 797 3831; x_wconf 91' lang='lat' dir='ltr'>iu</span> <span class='ocrx_word' id='word_1_413' title='bbox 820 3777 895 3831; x_wconf 85' lang='lat' dir='ltr'>codd.</span> <span class='ocrx_word' id='word_1_414' title='bbox 916 3782 943 3830; x_wconf 92' lang='lat' dir='ltr'>et</span> <span class='ocrx_word' id='word_1_415' title='bbox 962 3777 1021 3829; x_wconf 90' lang='lat' dir='ltr'>edd.</span> <span class='ocrx_word' id='word_1_416' title='bbox 1046 3776 1172 3830; x_wconf 88' lang='lat' dir='ltr'>omnibus</span> <span class='ocrx_word' id='word_1_417' title='bbox 1195 3776 1304 3842; x_wconf 79' lang='lat' dir='ltr'>(similis</span> <span class='ocrx_word' id='word_1_418' title='bbox 1328 3777 1357 3828; x_wconf 91' lang='lat' dir='ltr'>in</span> <span class='ocrx_word' id='word_1_419' title='bbox 1376 3776 1434 3829; x_wconf 89' lang='lat' dir='ltr'>MP</span> 
     </span>
     <span class='ocr_line' id='line_1_39' title="bbox 203 3864 1432 3936; baseline -0.002 -19"><span class='ocrx_word' id='word_1_420' title='bbox 203 3867 244 3917; x_wconf 89' lang='lat' dir='ltr'>est</span> <span class='ocrx_word' id='word_1_421' title='bbox 271 3865 449 3933; x_wconf 85' lang='lat' dir='ltr'>interpolatio</span> <span class='ocrx_word' id='word_1_422' title='bbox 477 3871 554 3919; x_wconf 74' lang='lat' dir='ltr'>eierat</span> <span class='ocrx_word' id='word_1_423' title='bbox 577 3885 625 3936; x_wconf 92' lang='lat' dir='ltr'>pro</span> <span class='ocrx_word' id='word_1_424' title='bbox 649 3869 757 3933; x_wconf 70' lang='lat' dir='ltr'>ornem).</span> <span class='ocrx_word' id='word_1_425' title='bbox 779 3896 809 3905; x_wconf 88' lang='lat'>-</span> <span class='ocrx_word' id='word_1_426' title='bbox 830 3884 856 3934; x_wconf 92' lang='lat' dir='ltr'>p.</span> <span class='ocrx_word' id='word_1_427' title='bbox 877 3866 956 3929; x_wconf 70' lang='lat'>88:22</span> <span class='ocrx_word' id='word_1_428' title='bbox 975 3866 1066 3919; x_wconf 89' lang='lat' dir='ltr'>Bnnte</span> <span class='ocrx_word' id='word_1_429' title='bbox 1089 3868 1131 3919; x_wconf 89' lang='lat' dir='ltr'>‘ex</span> <span class='ocrx_word' id='word_1_430' title='bbox 1150 3867 1184 3918; x_wconf 84' lang='lat' dir='ltr'>D&#39;</span> <span class='ocrx_word' id='word_1_431' title='bbox 1209 3864 1297 3918; x_wconf 87' lang='lat' dir='ltr'>edidit</span> <span class='ocrx_word' id='word_1_432' title='bbox 1315 3867 1432 3931; x_wconf 79' lang='lat' dir='ltr'>pedibas</span> 
     </span>
     <span class='ocr_line' id='line_1_40' title="bbox 202 3951 1429 4024; baseline -0.002 -19"><span class='ocrx_word' id='word_1_433' title='bbox 202 3957 334 4006; x_wconf 72' lang='lat' dir='ltr'>&lt;reatinum</span> <span class='ocrx_word' id='word_1_434' title='bbox 363 3957 458 4023; x_wconf 74' lang='lat' dir='ltr'>orbem,</span> <span class='ocrx_word' id='word_1_435' title='bbox 487 3964 603 4010; x_wconf 61' lang='lat' dir='ltr'>erberto</span> <span class='ocrx_word' id='word_1_436' title='bbox 631 3974 676 4009; x_wconf 79' lang='lat' dir='ltr'>ore</span> <span class='ocrx_word' id='word_1_437' title='bbox 704 3964 784 4024; x_wconf 81' lang='lat' dir='ltr'>eaput</span> <span class='ocrx_word' id='word_1_438' title='bbox 806 3958 937 4022; x_wconf 80' lang='lat' dir='ltr'>Delphini</span> <span class='ocrx_word' id='word_1_439' title='bbox 963 3963 1072 4023; x_wconf 75' lang='lat' dir='ltr'>tenpore</span> <span class='ocrx_word' id='word_1_440' title='bbox 1099 3959 1214 4022; x_wconf 76' lang='lat' dir='ltr'>uidetur,</span> <span class='ocrx_word' id='word_1_441' title='bbox 1243 3953 1326 4006; x_wconf 82' lang='lat' dir='ltr'>ceteri</span> <span class='ocrx_word' id='word_1_442' title='bbox 1353 3951 1429 4004; x_wconf 87' lang='lat' dir='ltr'>codd.</span> 
     </span>
     <span class='ocr_line' id='line_1_41' title="bbox 202 4042 1430 4112; baseline -0.003 -17"><span class='ocrx_word' id='word_1_443' title='bbox 202 4060 295 4096; x_wconf 88' lang='lat' dir='ltr'>omues</span> <span class='ocrx_word' id='word_1_444' title='bbox 322 4044 426 4097; x_wconf 87' lang='lat' dir='ltr'>habent</span> <span class='ocrx_word' id='word_1_445' title='bbox 453 4047 565 4112; x_wconf 81' lang='lat' dir='ltr'>pedibus</span> <span class='ocrx_word' id='word_1_446' title='bbox 592 4049 695 4098; x_wconf 76' lang='lat' dir='ltr'>aestiuo</span> <span class='ocrx_word' id='word_1_447' title='bbox 722 4048 783 4098; x_wconf 82' lang='lat' dir='ltr'>orbe</span> <span class='ocrx_word' id='word_1_448' title='bbox 809 4045 883 4107; x_wconf 80' lang='lat' dir='ltr'>(orbi</span> <span class='ocrx_word' id='word_1_449' title='bbox 911 4046 949 4108; x_wconf 85' lang='lat' dir='ltr'>R)</span> <span class='ocrx_word' id='word_1_450' title='bbox 979 4047 1039 4111; x_wconf 75' lang='lat' dir='ltr'>niti,</span> <span class='ocrx_word' id='word_1_451' title='bbox 1064 4053 1179 4096; x_wconf 75' lang='lat' dir='ltr'>extremo</span> <span class='ocrx_word' id='word_1_452' title='bbox 1208 4059 1263 4109; x_wconf 89' lang='lat' dir='ltr'>eqs.</span> <span class='ocrx_word' id='word_1_453' title='bbox 1289 4059 1321 4094; x_wconf 86' lang='lat' dir='ltr'>ae</span> <span class='ocrx_word' id='word_1_454' title='bbox 1343 4057 1377 4092; x_wconf 91' lang='lat' dir='ltr'>ne</span> <span class='ocrx_word' id='word_1_455' title='bbox 1402 4042 1430 4091; x_wconf 96' lang='lat' dir='ltr'><em>D</em></span> 
     </span>
     <span class='ocr_line' id='line_1_42' title="bbox 203 4131 1430 4199; baseline -0.006 -14"><span class='ocrx_word' id='word_1_456' title='bbox 203 4132 313 4199; x_wconf 81' lang='lat' dir='ltr'>q&#39;uidem</span> <span class='ocrx_word' id='word_1_457' title='bbox 338 4150 400 4186; x_wconf 89' lang='lat' dir='ltr'>oum</span> <span class='ocrx_word' id='word_1_458' title='bbox 423 4134 531 4188; x_wconf 87' lang='lat' dir='ltr'>Bnnteo</span> <span class='ocrx_word' id='word_1_459' title='bbox 554 4133 633 4197; x_wconf 81' lang='lat' dir='ltr'>fauit,</span> <span class='ocrx_word' id='word_1_460' title='bbox 657 4134 703 4187; x_wconf 90' lang='lat' dir='ltr'>sed</span> <span class='ocrx_word' id='word_1_461' title='bbox 727 4150 793 4186; x_wconf 88' lang='lat' dir='ltr'>uoee</span> <span class='ocrx_word' id='word_1_462' title='bbox 817 4137 870 4186; x_wconf 77' lang='lat' dir='ltr'>nili</span> <span class='ocrx_word' id='word_1_463' title='bbox 892 4132 1000 4186; x_wconf 91' lang='lat' dir='ltr'>librarii</span> <span class='ocrx_word' id='word_1_464' title='bbox 1023 4149 1112 4185; x_wconf 91' lang='lat' dir='ltr'>errore</span> <span class='ocrx_word' id='word_1_465' title='bbox 1135 4131 1235 4183; x_wconf 86' lang='lat' dir='ltr'>omissa</span> <span class='ocrx_word' id='word_1_466' title='bbox 1258 4145 1355 4181; x_wconf 88' lang='lat' dir='ltr'>manus</span> <span class='ocrx_word' id='word_1_467' title='bbox 1378 4144 1430 4178; x_wconf 86' lang='lat' dir='ltr'>seo.</span> 
     </span>
     <span class='ocr_line' id='line_1_43' title="bbox 203 4214 1431 4291; baseline -0.007 -17"><span class='ocrx_word' id='word_1_468' title='bbox 203 4239 251 4289; x_wconf 91' lang='lat' dir='ltr'>pro</span> <span class='ocrx_word' id='word_1_469' title='bbox 270 4225 373 4276; x_wconf 74' lang='lat' dir='ltr'>oraturo</span> <span class='ocrx_word' id='word_1_470' title='bbox 392 4225 459 4288; x_wconf 73' lang='lat' dir='ltr'>orde,</span> <span class='ocrx_word' id='word_1_471' title='bbox 479 4223 582 4291; x_wconf 92' lang='lat' dir='ltr'>quippe</span> <span class='ocrx_word' id='word_1_472' title='bbox 601 4223 674 4290; x_wconf 90' lang='lat' dir='ltr'>quod</span> <span class='ocrx_word' id='word_1_473' title='bbox 692 4239 772 4275; x_wconf 90' lang='lat' dir='ltr'>sensu</span> <span class='ocrx_word' id='word_1_474' title='bbox 791 4222 846 4275; x_wconf 89' lang='lat' dir='ltr'>iam</span> <span class='ocrx_word' id='word_1_475' title='bbox 867 4224 979 4283; x_wconf 81' lang='lat' dir='ltr'>careret,</span> <span class='ocrx_word' id='word_1_476' title='bbox 1000 4223 1131 4273; x_wconf 78' lang='lat' dir='ltr'>aestiuum</span> <span class='ocrx_word' id='word_1_477' title='bbox 1150 4222 1235 4271; x_wconf 75' lang='lat' dir='ltr'>orbem</span> <span class='ocrx_word' id='word_1_478' title='bbox 1256 4214 1378 4269; x_wconf 80' lang='lat' dir='ltr'>correxit.</span> <span class='ocrx_word' id='word_1_479' title='bbox 1395 4242 1431 4249; x_wconf 98' lang='lat'><strong>—</strong></span> 
     </span>
     <span class='ocr_line' id='line_1_44' title="bbox 203 4305 1432 4379; baseline -0.007 -16"><span class='ocrx_word' id='word_1_480' title='bbox 203 4330 229 4379; x_wconf 87' lang='lat' dir='ltr'>p.</span> <span class='ocrx_word' id='word_1_481' title='bbox 252 4312 328 4373; x_wconf 58' lang='lat' dir='ltr'>102ss</span> <span class='ocrx_word' id='word_1_482' title='bbox 348 4315 480 4364; x_wconf 66' lang='lat' dir='ltr'>otrentum</span> <span class='ocrx_word' id='word_1_483' title='bbox 503 4312 576 4379; x_wconf 92' lang='lat' dir='ltr'>quod</span> <span class='ocrx_word' id='word_1_484' title='bbox 595 4312 686 4365; x_wconf 90' lang='lat' dir='ltr'>Bnnte</span> <span class='ocrx_word' id='word_1_485' title='bbox 704 4311 815 4379; x_wconf 89' lang='lat' dir='ltr'>recepit,</span> <span class='ocrx_word' id='word_1_486' title='bbox 839 4311 869 4363; x_wconf 91' lang='lat' dir='ltr'>in</span> <span class='ocrx_word' id='word_1_487' title='bbox 888 4312 916 4363; x_wconf 92' lang='lat' dir='ltr'><em>D</em></span> <span class='ocrx_word' id='word_1_488' title='bbox 934 4327 983 4379; x_wconf 91' lang='lat' dir='ltr'>pro</span> <span class='ocrx_word' id='word_1_489' title='bbox 1003 4309 1121 4376; x_wconf 89' lang='lat' dir='ltr'>uulgata</span> <span class='ocrx_word' id='word_1_490' title='bbox 1145 4306 1261 4360; x_wconf 88' lang='lat' dir='ltr'>leetione</span> <span class='ocrx_word' id='word_1_491' title='bbox 1285 4307 1370 4355; x_wconf 82' lang='lat' dir='ltr'>laeum</span> <span class='ocrx_word' id='word_1_492' title='bbox 1389 4305 1432 4355; x_wconf 85' lang='lat' dir='ltr'>est</span> 
     </span>
     <span class='ocr_line' id='line_1_45' title="bbox 203 4389 1432 4468; baseline -0.007 -15"><span class='ocrx_word' id='word_1_493' title='bbox 203 4405 362 4466; x_wconf 77' lang='lat' dir='ltr'>correctum,</span> <span class='ocrx_word' id='word_1_494' title='bbox 391 4419 475 4468; x_wconf 90' lang='lat' dir='ltr'>quam</span> <span class='ocrx_word' id='word_1_495' title='bbox 497 4400 574 4454; x_wconf 90' lang='lat' dir='ltr'>nullo</span> <span class='ocrx_word' id='word_1_496' title='bbox 602 4403 683 4468; x_wconf 86' lang='lat' dir='ltr'>paeto</span> <span class='ocrx_word' id='word_1_497' title='bbox 707 4399 772 4452; x_wconf 88' lang='lat' dir='ltr'>lieet</span> <span class='ocrx_word' id='word_1_498' title='bbox 799 4399 946 4452; x_wconf 88' lang='lat' dir='ltr'>inmutare.</span> <span class='ocrx_word' id='word_1_499' title='bbox 984 4413 1073 4463; x_wconf 87' lang='lat' dir='ltr'>neque</span> <span class='ocrx_word' id='word_1_500' title='bbox 1101 4395 1174 4448; x_wconf 90' lang='lat' dir='ltr'>enim</span> <span class='ocrx_word' id='word_1_501' title='bbox 1202 4393 1236 4444; x_wconf 93' lang='lat' dir='ltr'>de</span> <span class='ocrx_word' id='word_1_502' title='bbox 1260 4389 1360 4442; x_wconf 80' lang='lat' dir='ltr'>circulo</span> <span class='ocrx_word' id='word_1_503' title='bbox 1389 4393 1432 4444; x_wconf 87' lang='lat' dir='ltr'>est</span> 
     </span>
     <span class='ocr_line' id='line_1_46' title="bbox 204 4477 1434 4557; baseline -0.009 -14"><span class='ocrx_word' id='word_1_504' title='bbox 204 4507 290 4550; x_wconf 88' lang='lat' dir='ltr'>sermo</span> <span class='ocrx_word' id='word_1_505' title='bbox 314 4490 417 4554; x_wconf 89' lang='lat' dir='ltr'>eodem,</span> <span class='ocrx_word' id='word_1_506' title='bbox 441 4490 475 4544; x_wconf 88' lang='lat' dir='ltr'>ad</span> <span class='ocrx_word' id='word_1_507' title='bbox 498 4507 581 4557; x_wconf 90' lang='lat' dir='ltr'>quem</span> <span class='ocrx_word' id='word_1_508' title='bbox 604 4489 716 4557; x_wconf 85' lang='lat' dir='ltr'>singula</span> <span class='ocrx_word' id='word_1_509' title='bbox 738 4488 819 4556; x_wconf 88' lang='lat' dir='ltr'>sigua</span> <span class='ocrx_word' id='word_1_510' title='bbox 842 4487 959 4554; x_wconf 86' lang='lat' dir='ltr'>sphaera</span> <span class='ocrx_word' id='word_1_511' title='bbox 982 4483 1066 4538; x_wconf 88' lang='lat' dir='ltr'>semel</span> <span class='ocrx_word' id='word_1_512' title='bbox 1091 4499 1169 4534; x_wconf 83' lang='lat' dir='ltr'>uersa</span> <span class='ocrx_word' id='word_1_513' title='bbox 1192 4478 1311 4539; x_wconf 87' lang='lat' dir='ltr'>redeant,</span> <span class='ocrx_word' id='word_1_514' title='bbox 1336 4477 1384 4530; x_wconf 92' lang='lat' dir='ltr'>sed</span> <span class='ocrx_word' id='word_1_515' title='bbox 1402 4477 1434 4532; x_wconf 90' lang='lat' dir='ltr'>id</span> 
     </span>
     <span class='ocr_line' id='line_1_47' title="bbox 203 4564 1434 4645; baseline -0.008 -15"><span class='ocrx_word' id='word_1_516' title='bbox 203 4578 272 4631; x_wconf 89' lang='lat' dir='ltr'>dioit</span> <span class='ocrx_word' id='word_1_517' title='bbox 291 4582 394 4643; x_wconf 79' lang='lat' dir='ltr'>auctor,</span> <span class='ocrx_word' id='word_1_518' title='bbox 416 4579 451 4632; x_wconf 88' lang='lat' dir='ltr'>ad</span> <span class='ocrx_word' id='word_1_519' title='bbox 469 4597 548 4632; x_wconf 92' lang='lat' dir='ltr'>suum</span> <span class='ocrx_word' id='word_1_520' title='bbox 567 4578 695 4645; x_wconf 90' lang='lat' dir='ltr'>quodque</span> <span class='ocrx_word' id='word_1_521' title='bbox 713 4576 788 4629; x_wconf 89' lang='lat' dir='ltr'>sidus</span> <span class='ocrx_word' id='word_1_522' title='bbox 806 4576 905 4638; x_wconf 81' lang='lat' dir='ltr'>locum,</span> <span class='ocrx_word' id='word_1_523' title='bbox 926 4593 943 4627; x_wconf 84' lang='lat' dir='ltr'>a</span> <span class='ocrx_word' id='word_1_524' title='bbox 962 4590 1016 4640; x_wconf 88' lang='lat' dir='ltr'>quo</span> <span class='ocrx_word' id='word_1_525' title='bbox 1035 4570 1185 4639; x_wconf 82' lang='lat' dir='ltr'>profectum</span> <span class='ocrx_word' id='word_1_526' title='bbox 1204 4564 1248 4625; x_wconf 89' lang='lat' dir='ltr'>sit,</span> <span class='ocrx_word' id='word_1_527' title='bbox 1268 4564 1353 4618; x_wconf 88' lang='lat' dir='ltr'>semel</span> <span class='ocrx_word' id='word_1_528' title='bbox 1372 4584 1434 4620; x_wconf 91' lang='lat' dir='ltr'>uer·</span> 
     </span>
     <span class='ocr_line' id='line_1_48' title="bbox 203 4664 820 4721; baseline -0.013 -1"><span class='ocrx_word' id='word_1_529' title='bbox 203 4670 280 4721; x_wconf 86' lang='lat' dir='ltr'>tonte</span> <span class='ocrx_word' id='word_1_530' title='bbox 299 4684 327 4720; x_wconf 90' lang='lat' dir='ltr'>se</span> <span class='ocrx_word' id='word_1_531' title='bbox 346 4668 448 4721; x_wconf 89' lang='lat' dir='ltr'>mundo</span> <span class='ocrx_word' id='word_1_532' title='bbox 466 4683 574 4721; x_wconf 85' lang='lat' dir='ltr'>neeesse</span> <span class='ocrx_word' id='word_1_533' title='bbox 592 4683 649 4720; x_wconf 88' lang='lat' dir='ltr'>esse</span> <span class='ocrx_word' id='word_1_534' title='bbox 667 4664 778 4719; x_wconf 86' lang='lat' dir='ltr'>reuerti.</span> <span class='ocrx_word' id='word_1_535' title='bbox 816 4705 820 4712; x_wconf 79' lang='grc'>,</span> 
     </span>
    </p>
   </div>
   <div class='ocr_carea' id='block_1_5' title="bbox 0 0 1637 5040">
    <p class='ocr_par' dir='ltr' id='par_1_7' title="bbox 0 0 1637 5040">
     <span class='ocr_line' id='line_1_49' title="bbox 0 0 1637 5040; baseline 0 0"><span class='ocrx_word' id='word_1_536' title='bbox 0 0 1637 5040; x_wconf 95' lang='lat' dir='ltr'> </span> 
     </span>
    </p>
   </div>
  </div>
 </body>
</html>
