3254 5040
729 341 772 404 49

648 429 860 438 —a-—u

140 541 377 619 consenserunt,
407 534 461 617 qui
485 554 581 617 quam
604 534 704 599 uariis
727 535 832 618 iisque
856 535 1009 617 grauibus
1034 542 1065 599 et
1089 534 1155 600 iam
1178 534 1365 600 inueteratis

138 643 228 708 uitiis
251 642 407 726 laborent,
431 641 622 725 quicumque
645 641 735 706 hisce
760 640 894 707 calculis
917 641 1107 725 inmergitur
1129 641 1226 707 uidet.

228 802 278 865 Ex
297 803 337 867 iis
360 801 449 879 locis,
473 802 588 885 quibus
608 805 633 866 Υ
651 803 840 867 memoriam
863 802 1037 885 genuinam
1054 803 1204 886 seruauit,
1228 803 1365 886 primum

141 929 197 974 eos
224 930 401 993 proponere
429 909 540 992 liceat,
570 910 698 993 quibus,
727 930 799 973 cum
827 909 1020 974 scholiorum
1048 909 1195 974 lectionis
1225 910 1366 992 uestigia

140 1015 173 1079 in
196 1016 313 1102 nostris
336 1016 459 1100 Hygini
483 1015 575 1080 codd.
600 1022 733 1093 exstent,
758 1015 840 1080 haec
864 1016 936 1099 ipsa
960 1037 1011 1081 res
1036 1016 1067 1081 ei
1089 1016 1364 1101 patrocinetur11).

140 1119 160 1185 3
188 1127 200 1186 l
227 1124 371 1205 Diogneti
393 1125 560 1206 Erythraei
586 1143 703 1188 nomen
731 1129 820 1187 recte
849 1121 973 1187 scholia
1002 1119 1209 1208 (00111Αο)
1237 1122 1365 1207 habent,

140 1248 212 1292 cum
236 1229 269 1292 in
284 1232 320 1294 X
335 1231 505 1312 Diognetus
529 1228 659 1312 quidem
682 1228 783 1294 fuisse
806 1229 964 1313 uideatur,
989 1229 1091 1294 altera
1114 1250 1190 1294 uero
1213 1251 1278 1295 uox
1301 1232 1365 1296 leui

48 1328 50 1332 ’
139 1355 246 1400 011016
270 1336 391 1402 abiisse
416 1337 448 1400 in
472 1339 658 1420 erythraeus.
705 1334 1081 1415 46011001601610,
1106 1336 1365 1425 seiunctim),

139 1441 161 1504 6
187 1445 227 1509 10
249 1445 392 1525 Punpncc
421 1445 454 1524 Υ,
476 1465 613 1531 pnncneo
636 1446 678 1524 Χ,
706 1441 786 1510 1116
812 1442 969 1508 Sositheus
997 1445 1030 1525 Υ,
1055 1446 1191 1509 sosthene
1214 1447 1256 1526 Χ,
1282 1444 1364 1510 2116

144 1549 258 1614 Ctesias
287 1551 320 1631 Y,
352 1553 481 1615 ethesius
502 1552 545 1632 X,
575 1548 616 1612 ab
640 1554 661 1615 4
690 1572 815 1633 euinque
842 1573 909 1616 0010
938 1555 1129 1634 supprimere
1157 1556 1303 1634 eopitnret
1329 1554 1363 1634 Υ,

142 1677 266 1740 0010000
295 1679 320 1721 s.
350 1660 482 1740 cogitare
504 1659 546 1738 X,
579 1657 621 1722 ib.
647 1660 685 1723 11
715 1659 883 1721 incenderit
910 1659 943 1739 Υ,
972 1661 1145 1723 incenderet
1170 1662 1212 1741 Χ,
1248 1663 1289 1726 12
1316 1662 1363 1724 de-

140 1766 248 1828 ciderit
274 1765 307 1848 Y,
330 1767 472 1829 deiecerit
489 1766 531 1827 X.
574 1762 631 1827 63
657 1763 774 1848 copula
797 1773 864 1829 erut
886 1785 983 1847 quam
1007 1764 1131 1830 scholia
1154 1773 1364 1832 seruauerunt

139 1870 172 1934 in
194 1872 230 1933 X
255 1871 431 1949 intercidit,
466 1870 612 1936 similiter
639 1871 679 1935 to
705 1875 743 1938 11
768 1871 802 1936 in
824 1873 861 1934 X
886 1893 943 1936 suo
971 1872 1043 1937 loco
1072 1873 1233 1938 obiectum
1262 1872 1364 1938 defuit

140 2000 216 2062 euru,
240 1978 326 2060 quod
349 1978 382 2042 in
405 1978 567 2044 nonnullis
591 1978 684 2043 codd.
709 1979 890 2062 suppletum
914 1986 963 2044 est
986 1985 1072 2058 (ante
1095 1988 1250 2045 astrorum
1272 1981 1306 2045 in
1327 1984 1363 2065 F,
1467 2026 1470 2032 ,

140 2091 215 2148 ante
239 2086 572 2169 desercosanae),
598 2106 670 2150 cum
694 2085 751 2149 alii
774 2087 906 2150 uerbum
929 2088 1118 2170 deformaret
1141 2086 1173 2150 in
1196 2089 1362 2171 passiuum

140 2191 274 2255 mallent
295 2197 426 2256 mutare.
463 2191 601 2274 denique
621 2191 723 2276 Cygni
740 2190 787 2273 (7)
812 2191 978 2256 stellarum
1002 2213 1159 2258 summam
1183 2193 1362 2277 [catalogus

139 2297 172 2362 in
200 2298 333 2363 scholiis
361 2296 463 2382 deest]
494 2304 589 2382 16016,
622 2305 656 2362 ut
684 2319 723 2364 ex
756 2299 894 2382 epitome
921 2306 954 2363 61
982 2299 1080 2364 schol.
1108 2299 1216 2366 Germ.
1251 2301 1362 2384 clucet,

139 2405 264 2471 scholia
293 2412 502 2471 seruauerunt
523 2406 627 2490 XIIII,
656 2427 727 2470 oum
755 2406 788 2470 in
810 2408 846 2469 X
872 2414 1096 2471 enumerentur
1117 2408 1197 2471 XIII
1226 2412 1272 2489 (in
1299 2431 1361 2473 eor-

30 2509 34 2517 ’
133 2515 247 2597 porci
265 2518 339 2596 post
361 2515 470 2595 quinus
492 2513 628 2577 inseruit
641 2514 741 2596 11011),
766 2513 946 2597 subscripta
964 2520 1071 2578 autem
1090 2514 1190 2579 fuisse
1213 2514 1362 2579 uideatur

140 2639 265 2684 summa
277 2619 350 2704 xit
373 2639 469 2702 quam
489 2618 666 2685 deteriores
682 2619 810 2684 codices
825 2619 858 2682 in
873 2620 952 2683 XIII
975 2627 1185 2686 mutauerunt.
1222 2621 1361 2686 fortasse

141 2725 238 2808 igitur
259 2725 330 2810 ipsc
353 2726 522 2831 catalogus
545 2726 579 2790 in
608 2728 635 2788 Y
654 2725 796 2790 nondum
818 2725 950 2791 mutilus
974 2726 1041 2791 fuit.

228 2851 299 2918 Non
321 2851 419 2934 pauci
447 2857 576 2917 exstant
598 2850 670 2935 loci,
700 2851 815 2934 quibus
844 2852 984 2934 genuina
1011 2854 1165 2916 memoria
1193 2852 1359 2918 codicibus

139 2958 207 3019 ΧΥ
225 2959 401 3024 communis
426 2958 459 3022 in
481 2978 579 3022 unum
602 2957 725 3023 duosue
754 2957 902 3023 codicum
924 2959 1093 3023 meliorum
1116 2966 1245 3044 recepta
1270 2961 1360 3025 scho-

139 3063 252 3128 liorum
267 3085 426 3131 consensu
440 3065 634 3149 agnoscitur,
654 3086 725 3130 cum
738 3065 772 3129 in
789 3066 905 3147 ceteris
921 3065 1086 3132 codicibus
1102 3066 1282 3151 deprauata
1296 3088 1359 3135 non

33 3187 37 3194 ·
137 3191 210 3236 raro
244 3171 277 3236 in
309 3179 436 3238 ueteres
470 3172 628 3239 editiones
661 3179 692 3238 et
723 3173 756 3236 in
788 3174 990 3238 Bunteanam
1021 3173 1184 3239 inuaserit.
1234 3174 1360 3239 initium

230 3438 264 3505 ¹¹)
283 3440 325 3493 Ex
347 3457 461 3494 numero
483 3458 577 3495 eornm
600 3441 728 3505 locorum,
753 3441 852 3508 quibus
871 3441 904 3494 de
927 3440 1050 3509 genuina
1072 3440 1190 3494 lectione
1212 3441 1286 3494 inter
1304 3443 1364 3493 ΧΥ

139 3529 276 3593 conuenit,
295 3530 441 3582 nonnullos
460 3530 562 3599 eligere
580 3529 671 3593 liceat,
692 3527 821 3596 01111111οβ
840 3529 977 3583 codicibus
996 3530 1051 3582 suis
1070 3546 1213 3598 perperam
1232 3548 1295 3582 usus
1310 3533 1359 3584 est.

141 3614 211 3670 141.
228 3619 260 3670 12
283 3620 389 3687 Oatrrn,
412 3621 531 3686 0011000,
550 3619 623 3686 quod
641 3619 696 3672 iam
712 3619 861 3671 Bursiunus
879 3618 1011 3682 restituit,
1026 3617 1135 3671 scholiis
1150 3619 1288 3687 probatur,
1308 3619 1360 3672 6101

138 3705 228 3774 priore
252 3707 310 3760 loco
334 3707 364 3760 in
382 3710 408 3760 A
431 3711 543 3761 tantum
565 3707 622 3776 legi
645 3710 736 3776 potest
758 3709 833 3775 hren,
861 3708 948 3760 altero
973 3725 1087 3773 copreae
1109 3710 1200 3762 exstat
1223 3708 1260 3772 (u.
1278 3726 1361 3776 supra

138 3813 165 3863 p.
180 3795 233 3862 20).
271 3813 440 3864 quemquam
459 3797 492 3851 de
510 3797 569 3865 ipso
587 3797 639 3850 hoc
657 3795 767 3849 nomine
786 3795 894 3849 dubites
914 3796 950 3860 (u.
971 3796 1037 3848 Rob.
1059 3796 1094 3849 ad
1112 3795 1150 3863 1.).
1161 3796 1271 3850 —ibid
1294 3798 1325 3850 14
1344 3796 1360 3864 β

138 3884 272 3938 editiones
299 3887 412 3938 tantum
439 3889 546 3940 secutus
571 3890 615 3954 l:
636 3886 671 3951 Β)
699 3889 738 3938 ihi
764 3884 864 3938 omisit.
910 3884 1013 3938 iniuria
1041 3887 1187 3955 uulgatum
1214 3887 1361 3941 lectionem

138 3973 263 4042 neglexit
285 3971 302 4028 3
327 3975 343 4028 6
370 3974 458 4042 (edere
480 3993 529 4044 pro
553 3975 668 4043 esitare),
699 3972 729 4028 17
755 3975 787 4027 19
815 3975 904 4026 solum
934 3978 958 4026 G
986 3978 1094 4028 secutus
1122 3975 1203 4030 eiecit
1231 3985 1262 4045 01,
1292 3974 1306 4031 7
1329 3977 1360 4031 12

138 4063 248 4131 scripsit
271 4073 468 4132 consequentem
486 4068 592 4133 1000011,
616 4081 686 4132 quae
704 4063 787 4116 lectio
811 4063 914 4131 duplici
937 4064 1093 4118 mutatione
1111 4065 1141 4117 in
1160 4067 1187 4117 D
1210 4069 1362 4134 conparata

139 4149 222 4205 6017
245 4153 257 4204 1
278 4153 368 4208 codice
388 4156 415 4207 D
437 4154 563 4223 neglecto
585 4153 732 4220 uulgatam
756 4151 902 4205 lectionem
924 4152 1042 4206 retinuit
1064 4156 1162 4208 Graeci
1181 4172 1295 4225 00001011
1313 4173 1361 4223 pro

140 4259 160 4294 e.
182 4244 239 4310 Gr„
264 4238 279 4294 6
298 4243 315 4294 t
334 4242 457 4311 neglexit
476 4243 574 4296 addere
593 4244 740 4309 alternando
758 4240 788 4293 in
806 4244 833 4293 D
858 4244 1009 4295 correctum
1028 4259 1085 4295 6006
1103 4260 1136 4296 ex
1154 4247 1252 4312 011000,
1276 4260 1361 4310 quam

139 4331 303 4385 scholiorum
331 4334 359 4384 et
385 4330 491 4400 Hygini
524 4331 647 4385 codicum
679 4330 825 4384 lectionem
857 4332 1007 4399 genuinam
1039 4348 1095 4384 esse
1127 4332 1183 4385 iam
1211 4333 1361 4386 Bursinnus

139 4419 266 4485 ostendit,
285 4417 333 4474 97
352 4438 400 4488 pro
416 4424 557 4474 iactatione
575 4420 665 4472 noluit
679 4419 797 4487 recipere
816 4423 937 4487 tectione,
957 4420 1129 4487 quodetiam
1144 4422 1277 4474 Dhabet.
1297 4421 1360 4474 alia

232 4525 265 4592 12)
284 4526 324 4580 De
343 4528 394 4581 hoe
411 4528 544 4582 uocabulo
563 4530 592 4580 61
610 4526 707 4580 0616110
725 4527 829 4595 graecis
849 4545 919 4594 quae
938 4545 982 4595 ap.
1002 4527 1074 4596 Hyg.
1093 4530 1239 4580 occurrunt
1257 4546 1283 4582 u.
1303 4531 1359 4582 not.

139 4615 175 4670 ad
192 4613 210 4670 3
230 4617 271 4670 12.

1148 4706 1186 4761 ‘ia
