3254 5040
677 332 802 397 XVIlll

129 527 301 612 dimisisse,
324 527 357 591 in
380 526 432 593 his
456 534 488 592 et
510 527 705 613 Delphinum
729 526 890 611 quendam
913 526 1049 610 nomine,
1073 526 1127 608 qui
1150 532 1349 610 peruagatus
1396 527 1416 590 5

127 655 233 721 paene
247 655 357 700 omnes
371 635 496 702 insulas
519 638 683 720 aliquanda
696 639 738 701 ad
750 640 903 718 airpiaera
921 638 1064 719 praeierit
1079 633 1170 716 eique
1188 634 1353 718 persuasit

128 743 175 808 uti
201 743 352 827 Neptuno
380 743 522 827 nuberet,
551 744 682 828 etipse
712 749 843 827 nuptias
873 763 981 807 eorum
1010 741 1250 807 administrauit.
1291 762 1352 824 pro
1439 764 1443 772 ·

129 870 193 933 quo
222 849 308 916 sacto
337 851 504 934 Neptunus
530 854 610 914 iater
641 853 744 915 sidera
771 849 925 935 Delphini
959 853 1089 933 effipiem
1123 850 1280 913 collacaait
1295 899 1301 911 .
1319 899 1350 911 ..

130 960 218 1038 (sunt
241 956 356 1023 stellae
380 957 497 1036 VlllI).

219 1079 268 1147 14.
293 1078 413 1146 Drion.
458 1081 543 1147 hunc
565 1082 729 1148 Hesiodus
752 1083 894 1166 Neptuni
922 1082 1023 1147 filium
1046 1080 1125 1146 dicit
1153 1102 1192 1146 cx
1215 1080 1352 1163 Euryale

128 1188 255 1254 Minoas
270 1187 338 1253 filia
352 1194 472 1257 natura.
511 1209 700 1256 concessum
723 1197 832 1255 autem
855 1189 885 1254 ei
900 1196 936 1254 ut
959 1210 1058 1274 supra
1080 1188 1197 1253 fluctus
1211 1192 1354 1252 curreret

129 1300 165 1359 ut
177 1298 211 1359 ia
225 1303 319 1376 terra,
344 1316 438 1379 quem
454 1295 639 1361 admodum
655 1296 779 1382 Iphiclo
795 1297 904 1362 datum
921 1296 1038 1361 dicitur
1061 1301 1209 1379 utsupra
1233 1295 1353 1359 aristas

129 1408 271 1468 curreret
293 1423 353 1468 nec
376 1423 433 1469 eas
457 1403 654 1486 infringeret.
696 1404 936 1469 Aristomachus
959 1409 1067 1468 autem
1091 1402 1169 1468 dicit
1192 1401 1354 1485 quendam

133 1507 296 1592 Cat[h]rea
325 1509 426 1575 fuisse
456 1510 592 1590 Thebis,
621 1511 784 1577 Pindarus
812 1518 919 1576 autem
945 1515 979 1575 ia
1005 1510 1112 1576 insula
1140 1509 1229 1575 Chio.
1275 1513 1354 1573 leriae
1400 1507 1415 1522 '

217 1763 325 1817 Seleol.
350 1765 422 1817 carl.
445 1765 478 1815 A.
524 1763 572 1816 13.
610 1764 626 1816 6
648 1780 718 1832 pene
747 1763 752 1829 Ι
781 1762 1111 1831 aliquando-peruenit
1134 1782 1182 1816 aar.
1208 1764 1213 1828 Ι
1237 1763 1320 1830 eiqua
1349 1759 1352 1830 Ι

130 1851 145 1902 7
170 1849 379 1904 administrauit
404 1850 467 1920 epa]
502 1854 638 1920 Vopelsius
665 1855 737 1905 leriae
763 1855 847 1905 loriam
876 1856 915 1905 sir
943 1855 1044 1905 ealribet
1067 1853 1138 1907 adm.
1162 1869 1211 1921 pro
1235 1871 1261 1919 q.
1280 1851 1300 1903 f.
1319 1852 1353 1904 N.

128 1940 275 1994 collocauit
293 1940 367 1994 inter
384 1944 460 1994 astra
473 1941 604 2009 Delphini
623 1941 750 2009 effigiem.
788 1946 834 1995 sed
852 1944 1006 2010 Hilpardas
1024 1945 1088 1995 haer
1105 1951 1206 1995 tantum
1226 1959 1355 1994 uersuum

128 2033 210 2082 initia
228 2033 290 2098 lepit
304 2039 366 2097 post
384 2034 412 2083 et
431 2030 489 2098 ipse
507 2031 601 2099 nupti:
626 2049 655 2084 as
674 2048 766 2084 eorum
786 2032 842 2085 ad.
863 2074 869 2086 .
890 2074 896 2086 .
926 2032 931 2096 Ι
956 2050 1009 2099 quo
1033 2032 1105 2085 lacto
1123 2033 1212 2099 nept.
1231 2071 1264 2085 ..
1295 2031 1299 2094 Ι
1323 2047 1355 2082 ra

128 2118 280 2187 delphini.
304 2161 310 2174 .
334 2162 341 2174 .
374 2139 441 2188 quae
468 2123 593 2187 rrrdpatue
616 2124 709 2188 potius
738 2125 882 2173 irrenroriae
913 2125 1079 2188 respondeat.
1130 2124 1177 2187 qai
1208 2127 1356 2186 sequuntur

128 2211 280 2276 qaindecim
300 2211 359 2275 fere
381 2212 474 2262 breues
496 2229 594 2263 stersus
617 2211 713 2278 (rasura
735 2214 772 2263 ad
790 2229 819 2264 os
838 2213 982 2277 Delphini)
1006 2214 1045 2263 ita
1068 2217 1236 2262 etruriaeraat
1257 2216 1288 2260 -at
1305 2211 1357 2275 lepi

128 2316 183 2352 aare
204 2301 319 2365 possint.
359 2303 448 2365 prlrai
474 2303 584 2352 initium
611 2302 684 2367 Hilp.
713 2303 775 2368 lepit
801 2300 898 2367 itaque
925 2300 959 2363 (it
987 2308 1119 2352 extremae
1150 2302 1255 2351 litterae
1281 2300 1356 2350 accis

128 2386 287 2451 collocsuit;
306 2406 350 2455 ap.
370 2390 439 2456 Hyp.
458 2393 579 2456 sequitur
597 2393 625 2441 et
644 2390 695 2442 hoc
714 2386 852 2457 amplius),
873 2393 983 2442 secandi
1001 2389 1023 2453 Q
1042 2388 1101 2455 (qui
1116 2389 1246 2456 Neptuno
1266 2387 1328 2455 eps.)
1350 2384 1353 2454 Ι

130 2477 147 2528 9
165 2484 243 2529 eatra
259 2479 376 2544 fiparara
394 2481 543 2544 adscripsit
560 2497 658 2531 marias
676 2483 814 2532 recentior.

218 2585 266 2636 14.
284 2587 315 2637 ia
324 2602 410 2652 marp.
427 2586 478 2650 iai.
488 2603 523 2637 ra.
533 2603 585 2638 rer.
596 2589 685 2638 adsrr.
697 2584 811 2639 ORION
826 2586 830 2650 Ι
848 2585 977 2638 leuriale
993 2585 997 2654 Ι
1014 2585 1117 2638 afifilia
1135 2587 1218 2638 natus
1237 2601 1355 2637 concess·

128 2691 203 2725 ssum
218 2675 223 2737 Ι
239 2676 256 2727 3
274 2673 304 2726 in
322 2675 397 2726 terra
415 2691 464 2727 om.
486 2674 491 2738 Ι
510 2676 526 2726 4
546 2674 726 2728 aristomacns
743 2676 747 2739 Ι
763 2674 854 2728 diccat
875 2675 879 2740 Ι
900 2677 916 2726 5
936 2673 1062 2741 Cathrca]
1083 2679 1123 2727 sie
1141 2664 1173 2727 ea
1191 2676 1260 2742 Hyp.
1281 2676 1354 2726 codd.

129 2765 255 2830 supplesti
281 2761 329 2829 (cf.
354 2765 432 2829 infra
455 2782 482 2816 a.
509 2764 561 2829 12),
589 2769 619 2816 ia
644 2767 669 2815 Α
696 2768 748 2832 lepi
775 2772 877 2816 taatrca
902 2772 989 2831 potest
1016 2765 1089 2829 hrea,
1114 2767 1224 2832 primae
1251 2765 1356 2815 litterae

129 2861 297 2906 madeant
321 2850 325 2921 Ι
349 2852 500 2920 ininsula]
524 2853 554 2906 in
578 2854 607 2906 in
631 2857 742 2907 aaararit
766 2855 770 2919 Ι
797 2856 812 2906 5
830 2854 904 2906 hunc
925 2882 953 2890 -
975 2856 1004 2906 et
1023 2853 1096 2920 qnod
1114 2852 1151 2922 (a.
1173 2853 1215 2919 10)
1235 2871 1268 2904 er
1285 2853 1354 2919 pr.

130 2944 204 2994 codd.
232 2945 365 3010 suppleat,
393 2961 451 2995 erim
479 2946 510 2995 ia
534 2945 558 2994 A
586 2945 629 2995 hir
656 2946 729 2996 locris
757 2946 865 2996 ateriae
888 2972 920 2979 -
943 2945 1088 2996 amirallae
1114 2945 1218 2994 litterae
1240 2951 1357 3010 possunt

129 3032 248 3083 discerni
266 3059 297 3067 -
318 3036 460 3085 earaaaerit

217 3142 310 3207 Ham.
321 3143 418 3195 codd.
441 3141 488 3194 13.
504 3143 519 3192 5
534 3142 556 3194 is
567 3143 594 3193 D
610 3144 613 3204 Ι
631 3141 770 3209 Delphina
783 3140 895 3206 (dalfina
905 3143 932 3194 D
946 3140 1105 3209 delphinam
1116 3142 1141 3192 P
1151 3141 1318 3209 delphynam
1335 3142 1360 3191 V

129 3229 299 3299 delphynum
318 3231 354 3298 R)
373 3234 442 3299 Hyp.
468 3232 472 3295 Ι
497 3231 637 3299 quandam
656 3229 697 3284 D²
718 3231 722 3294 Ι
744 3233 912 3299 peruagatus
931 3233 958 3283 D
980 3234 985 3294 Ι
1007 3232 1024 3284 6
1043 3248 1129 3298 paene
1147 3248 1239 3283 onmes
1258 3249 1308 3282 ora.
1328 3231 1360 3281 X

128 3338 155 3372 a.
178 3327 231 3373 aot.
257 3318 261 3388 Ι
286 3319 401 3387 insulas]
426 3321 456 3373 in
485 3320 588 3373 insulas
608 3317 705 3372 D¹MP
726 3320 755 3372 in
780 3319 857 3373 siluis
877 3322 905 3372 F
925 3320 930 3385 Ι
955 3318 1042 3373 suasit
1067 3321 1116 3384 Vl
1142 3323 1157 3373 ‘l
1181 3323 1213 3372 nt
1240 3320 1356 3372 nuberet

128 3408 261 3477 Neptuno
288 3411 320 3461 X
345 3411 349 3463 1
379 3427 472 3463 eorum
498 3409 610 3477 nuptias
637 3412 661 3461 G
691 3413 695 3473 Ι
725 3408 943 3462 amministrauit
970 3411 1022 3460 RG
1053 3406 1056 3477 Ι
1087 3409 1103 3461 8
1131 3409 1277 3476 Neptunus
1305 3426 1354 3460 aar.

91 3514 102 3531 ·
129 3500 198 3566 Hyp.
216 3499 220 3564 Ι
236 3499 253 3552 9
268 3501 302 3566 ef.
317 3501 386 3567 Hyp.
401 3499 441 3552 lll
458 3500 489 3552 16
508 3499 619 3552 omnino
638 3501 679 3551 est
698 3499 841 3551 stellarum
860 3498 898 3550 IX
918 3497 1027 3564 (ltaque
1046 3496 1156 3551 omnino
1175 3501 1239 3550 sunt
1258 3497 1355 3550 stellae

129 3587 278 3641 numeroX
296 3590 353 3640 FU
359 3591 417 3641 edd.
433 3596 546 3654 praeter
564 3587 628 3657 ap).

217 3696 265 3749 14.
292 3695 376 3747 1-22
399 3716 428 3738 =
449 3696 518 3763 Hyp.
538 3695 564 3748 ll
588 3696 630 3758 34,
654 3713 684 3762 p.
715 3695 892 3761 tara-733
922 3699 926 3758 Ι
956 3696 970 3747 1
996 3693 1118 3747 hesiodos
1147 3691 1186 3744 D¹
1218 3691 1222 3760 Ι
1252 3693 1355 3746 curiale

130 3784 240 3835 DMBP
259 3782 301 3850 (ia
322 3785 349 3835 D
373 3786 445 3836 iater
463 3801 478 3837 e
497 3792 520 3837 et
538 3803 555 3836 u
574 3788 657 3837 aurius
681 3787 786 3837 litterae
807 3785 921 3849 rasara)
946 3785 950 3846 Ι
975 3782 1110 3835 2Minois
1129 3784 1160 3833 X
1180 3781 1308 3846 (nunonis
1328 3784 1356 3834 D

129 3889 179 3925 cm.
198 3871 234 3939 R)
252 3872 363 3941 Minyae
383 3876 449 3925 roai.
469 3871 578 3939 Bars.*J
598 3874 603 3937 Ι
623 3872 679 3926 filio
698 3872 739 3925 D¹
760 3877 764 3936 Ι
785 3871 893 3939 natum]
914 3875 1086 3940 procreatum
1107 3873 1130 3923 G
1153 3872 1157 3935 Ι
1178 3887 1259 3939 snper
1276 3873 1333 3923 FU
1350 3872 1353 3940 Ι

129 3964 248 4015 curreret
267 3980 316 4015 ara.
336 3959 373 4014 R¹
405 3963 409 4026 Ι
438 3961 517 4029 aut]
538 3964 566 4015 et
584 3961 680 4015 R¹FU
706 3960 710 4030 Ι
739 3962 830 4030 phiclo
855 3961 980 4015 erlta
1003 3960 1103 4028 phyclo
1126 3963 1183 4013 FU
1205 3959 1290 4028 phido
1316 3960 1355 4012 Ι)ι

128 4050 221 4119 phydo
236 4052 286 4114 ΡΙ
311 4054 343 4104 ut
361 4069 410 4104 aar.
431 4053 459 4103 D
483 4055 487 4116 Ι
514 4051 598 4106 oritas
619 4050 657 4104 D¹
685 4053 689 4114 Ι
715 4050 808 4118 Anco]
829 4055 868 4104 sie
887 4052 1070 4118 araverat,
1089 4066 1178 4116 neque
1198 4047 1329 4115 DMRGss
1351 4048 1354 4117 Ι

128 4139 242 4192 machus
262 4138 300 4192 D¹
325 4140 512 4194 Aristonicum
531 4143 559 4193 F
578 4140 749 4194 Aristonicus
778 4144 803 4194 U
822 4143 948 4194 Starerea
974 4143 978 4204 Ι
1004 4142 1019 4192 5
1039 4140 1140 4193 Gatrea
1164 4141 1226 4191 DM
1239 4141 1322 4191 Burs.
1343 4155 1356 4206 ρ

128 4246 206 4296 quera
219 4232 290 4297 aide,
309 4232 421 4283 catraea
435 4231 461 4282 R
473 4230 586 4284 chatrea
600 4232 626 4281 B
640 4233 733 4284 cratea
747 4233 772 4282 P
787 4231 944 4284 cathaream
960 4232 985 4281 G
1004 4229 1140 4298 Hrythrea
1155 4230 1211 4281 FU
1213 4245 1250 4296 σμ
1264 4228 1357 4296 Hyrca

129 4319 230 4386 Micyll.
250 4318 353 4391 Hyriea
372 4322 480 4374 Miraris.
500 4317 660 4386 Staoereait
685 4320 689 4385 Ι
714 4319 852 4387 luendarus
870 4321 896 4370 B
920 4320 925 4384 Ι
950 4319 1019 4386 ehyo
1038 4321 1064 4370 P

221 4532 246 4600 *Ι
265 4537 337 4587 idem
355 4530 462 4602 (Μινύου
476 4552 532 4601 pro
550 4529 664 4599 Μίνωος)
688 4536 724 4585 ad
746 4533 998 4585 Pseudo-Eratosth.
1024 4537 1116 4583 catast.
1141 4531 1226 4581 locam
1246 4532 1356 4581 euadere

129 4620 166 4691 (p.
188 4623 237 4675 162
256 4624 283 4692 ρ)
302 4626 359 4676 iam
378 4627 524 4676 coniecerat
542 4621 572 4676 Ο.
592 4623 692 4676 Miiller
711 4621 890 4675 Orchomenos
904 4639 935 4688 p.
957 4620 1007 4673 100
1026 4622 1089 4672 adn.
1109 4618 1134 4671 3.

1163 4707 1196 4762 ιζ*
