3254 5040
198 471 396 555 Breysigius,
416 492 445 535 u.
460 470 646 536 Germanioi
666 470 715 536 ed.
730 493 762 555 p.
778 472 925 550 XXVII).
962 473 1046 538 bunc
1062 494 1190 557 quoque
1204 474 1263 540 nd.
1278 475 1429 559 Heyden·

198 578 286 646 reich
311 577 445 642 eontulit
468 583 500 641 et
524 577 557 657 (l.
581 598 608 643 c.
631 599 664 662 p.
683 581 825 654 19-21)
849 586 1001 645 accurate
1024 578 1207 665 descripsit.
1253 581 1340 647 idern
1362 584 1429 648 iam

199 685 461 750 commemorauit
484 688 527 769 (p.
543 683 601 766 27)
624 685 840 767 fragmentum
856 685 1020 752 Bemense
1044 692 1077 752 68
1099 687 1206 772 ipsum
1229 689 1427 754 aBursiano

198 793 429 875 inuestigatum
453 790 500 876 (in
515 790 640 856 Lucani
660 791 783 856 codicis
798 792 972 858 Bernensis
986 795 1030 859 45
1045 813 1130 859 saec.
1144 794 1176 857 X
1201 794 1279 859 folio
1294 795 1428 878 ultimo),

198 919 261 981 quo
288 898 416 963 initium
446 898 541 982 primi
570 897 644 963 libri
673 896 789 982 (usque
817 898 861 962 ad
883 921 914 983 p.
938 903 1036 983 24,20
1056 903 1213 985 portibus)
1247 903 1429 968 continetur

197 1005 338 1070 fortasse
363 1025 402 1068 ex
416 1007 446 1068 R
468 1004 541 1088 ipso
565 1005 821 1089 transscriptum.
869 1005 1008 1089 denique
1031 1007 1065 1070 in
1083 1007 1253 1072 Britannia
1277 1008 1320 1072 ad
1344 1009 1429 1072 hunc

199 1111 286 1177 diem
314 1112 355 1175 ab
384 1111 425 1176 iis
453 1111 508 1194 qui
532 1110 654 1196 Hygini
683 1111 849 1177 codicibus
878 1133 1009 1197 operam
1039 1112 1162 1178 dabant
1189 1115 1339 1198 neglecta
1366 1114 1427 1179 hos
1501 1180 1504 1186 ,

199 1218 298 1283 libros
336 1225 484 1284 seruatos
522 1238 595 1283 esse
633 1219 778 1303 conperi:
817 1218 899 1284 duos
937 1219 1060 1285 saeculi
1093 1221 1141 1284 XI
1173 1221 1228 1303 qui
1262 1221 1428 1286 Ciceronis

198 1327 333 1390 Aratum
358 1345 397 1389 ex
421 1325 534 1390 codice
557 1327 585 1388 A
616 1324 657 1391 (16
686 1345 749 1408 666
777 1326 811 1389 16
840 1326 946 1409 capite
978 1325 1119 1391 secundo
1147 1328 1241 1392 nobis
1265 1327 1427 1410 agendum

198 1433 258 1496 erit
286 1432 484 1516 descriptum
514 1433 642 1516 babent,
671 1432 881 1498 Harleianum
905 1435 992 1499 2506
1023 1440 1056 1498 et
1079 1433 1366 1517 cantabrigensem
1391 1435 1428 1498 R.

201 1541 295 1605 1532
334 1539 460 1623 Trinity
498 1538 694 1623 College,¹¹)
740 1546 773 1605 et
810 1539 1002 1624 optimorum
1040 1547 1220 1606 nostrorum
1258 1541 1428 1623 aequalem

197 1645 298 1731 (saec.
330 1647 390 1728 IX)
427 1645 573 1711 codicem
605 1645 944 1711 Ashburnhamensem
978 1647 1111 1712 Barrois
1140 1648 1255 1712 22840
1287 1647 1427 1729 (Zange-

197 1753 329 1819 meister
351 1753 484 1818 Wiener
508 1753 584 1817 Sita.
609 1753 681 1818 Ber.
704 1751 782 1836 phil.
806 1753 880 1818 hist.
907 1752 952 1817 cl.
977 1756 1021 1818 84
1044 1774 1073 1818 a.
1100 1755 1184 1818 1816
1208 1775 1238 1837 p.
1263 1755 1351 1835 573).

287 1861 374 1949 luter
407 1858 537 1924 codices
570 1867 685 1948 autem,
719 1859 835 1941 quibus
867 1859 945 1923 mibi
978 1859 1022 1922 ad
1053 1859 1286 1924 restituendum
1316 1858 1427 1924 arche·

196 1974 310 2051 typum
332 1969 368 2030 Χ
376 1964 417 2051 12)
447 1966 602 2049 68111668,
632 1986 697 2030 666
726 1986 766 2031 66
793 1964 965 2031 intercedit
993 1965 1085 2048 ratio,
1116 1973 1150 2029 ut
1178 1965 1262 2030 alius
1292 1986 1331 2030 ex
1361 1967 1427 2030 alio

196 2073 337 2155 fluxerit,
368 2093 427 2138 nec
456 2093 616 2155 quaenam
643 2073 737 2155 quasi
766 2074 860 2138 unius
889 2072 996 2155 gentis
1025 2071 1169 2137 familiae
1193 2074 1234 2145 ab
1258 2073 1313 2136 illo
1343 2071 1427 2138 deri-

196 2187 295 2245 uatae
319 2181 383 2246 sint
406 2187 515 2264 potest
539 2180 689 2264 discerni,
715 2201 786 2244 oum
811 2179 966 2244 deficiant
988 2179 1106 2264 plures,
1130 2179 1278 2263 inprimis
1295 2178 1427 2244 uetusti-

197 2307 279 2366 ores,
310 2287 424 2369 quibus
453 2287 626 2351 interualla
650 2294 683 2351 et
706 2287 842 2351 lacunae
872 2285 1092 2370 suppleantur,
1120 2305 1204 2367 quae
1229 2285 1428 2367 singulorum

198 2393 347 2458 codicum
379 2413 520 2458 meorum
554 2395 738 2458 continuam
771 2394 958 2458 memoriam
988 2401 1021 2458 et
1049 2392 1252 2475 cognationis
1282 2391 1427 2456 ordinem

198 2501 443 2584 interrumpunt.
490 2499 524 2563 id
553 2501 651 2583 igitur
684 2521 780 2565 unum
809 2499 1016 2566 statuendum
1032 2506 1104 2576 est,
1138 2499 1253 2581 quibus
1286 2499 1427 2561 maxima

196 2608 376 2673 auotoritas
415 2607 465 2672 sit.
525 2607 620 2672 buius
656 2626 733 2671 uero
771 2607 938 2691 scriptoris
977 2626 1015 2671 eo
1052 2606 1184 2670 minoris
1223 2624 1295 2670 esse
1331 2604 1428 2688 pretii

197 2714 340 2798 codices,
385 2733 447 2796 quo
485 2715 674 2779 recentioris
714 2715 778 2779 sint
814 2714 947 2797 aetatis,
991 2720 1023 2778 et
1062 2713 1124 2777 tria
1162 2731 1271 2778 eorum
1307 2731 1428 2795 genera

197 2821 432 2905 distinguenda
469 2842 556 2905 esse,
593 2822 710 2904 quibus
747 2820 883 2886 totidem
915 2821 1123 2905 Hyginianae
1159 2819 1333 2886 memoriae
1369 2840 1428 2903 per

120 2911 122 2915 ¹
197 2926 338 2993 medium
371 2948 487 2995 aeuum
518 2935 722 3012 propagatae
755 2935 787 2993 et
816 2928 921 3010 magis
954 2927 1124 3009 magisque
1156 2927 1305 2990 turbatae
1333 2925 1426 3007 quasi

196 3040 325 3100 aetates
355 3033 586 3117 significentur,
617 3056 657 3100 cx
680 3034 775 3099 huius
804 3034 845 3098 de
874 3034 1073 3100 astronomia
1100 3032 1173 3097 libri
1200 3052 1259 3115 per
1286 3031 1426 3095 medium

220 3181 227 3185 .
240 3179 410 3186 --—--—.-

289 3229 323 3296 ¹¹)
342 3232 383 3283 lle
402 3230 559 3291 Harleian0‚
583 3230 613 3282 in
632 3248 686 3297 quo
709 3247 819 3284 carmen
844 3229 1013 3298 imaginibus
1027 3222 1101 3294 Ι(666
1120 3226 1240 3292 scholiis)
1263 3228 1426 3278 exornatum

195 3323 245 3383 est,
265 3319 298 3373 ef.
319 3319 415 3387 Ottley
433 3319 451 3371 l.
472 3336 493 3373 c.
514 3336 539 3386 p.
558 3319 617 3383 146,
632 3319 735 3387 Vogels
754 3318 771 3370 l.
792 3337 827 3381 c.;
848 3318 881 3372 de
900 3315 1111 3385 Centobrigensi
1132 3316 1163 3367 H.
1179 3313 1297 3368 Schenkl
1314 3312 1428 3367 Wiener

195 3408 312 3462 Studien
330 3408 383 3461 VII
406 3408 473 3461 1880
496 3425 522 3475 p.
543 3408 602 3471 341,
632 3425 685 3474 quo
709 3410 780 3461 teste
804 3407 849 3460 hie
877 3406 960 3461 codex
983 3408 1012 3459 et
1036 3405 1089 3457 alia
1115 3403 1150 3456 ad
1178 3402 1372 3456 astronomiam
1398 3405 1427 3456 et

194 3500 355 3566 computum
370 3496 540 3565 pertinentia
554 3513 622 3550 6666.
639 3497 662 3548 X
682 3499 799 3550 exeunte
818 3495 921 3564 scripta
935 3493 1118 3562 conplectitur
1130 3521 1158 3528 -
1172 3492 1203 3544 in
1217 3491 1260 3544 his
1274 3490 1426 3559 ‘Hyginum

195 3590 224 3641 68
242 3587 424 3640 Mareianum'
446 3615 487 3650 -‚
511 3588 540 3639 et
559 3585 694 3639 Ciceronis
714 3584 844 3639 carminis
863 3582 1041 3652 posteriorem
1059 3583 1174 3648 partem,
1199 3579 1263 3632 inde
1283 3597 1299 3632 a
1317 3599 1344 3634 6.
1365 3580 1426 3643 227,
1458 3650 1461 3655 ι

195 3693 264 3730 saec.
279 3676 318 3728 XI
339 3678 490 3729 exaratam.
524 3675 598 3743 prior
616 3675 705 3743 igitur
723 3691 787 3742 pars
806 3673 889 3735 deest,
909 3687 980 3739 6666
999 3671 1029 3722 16
1048 3668 1144 3722 ceteris
1163 3668 1238 3721 codd.
1258 3668 1287 3720 in
1302 3668 1427 3737 singulas

196 3763 348 3833 particulas
372 3762 506 3817 dissoluta
524 3763 693 3830 imaginibus
717 3761 871 3829 subscripta
890 3762 939 3814 est.
976 3759 1019 3812 ita
1037 3759 1090 3810 hac
1107 3756 1219 3810 maioris
1243 3757 1327 3825 pretii
1345 3761 1425 3826 perte

196 3857 325 3921 separata
344 3857 372 3907 et
392 3857 423 3907 68
441 3852 553 3906 uidetur
571 3852 714 3920 deperdita
730 3881 761 3888 -
777 3850 868 3904 simile
887 3852 929 3902 est
947 3848 1135 3916 fragmentum
1154 3845 1337 3915 Lugdunense
1356 3864 1425 3900 6666.

195 3945 270 4008 XIII,
295 3945 328 3998 de
347 3962 401 4012 quo
420 3962 447 3995 u.
466 3943 539 3996 infra
558 3961 580 3996 o.
599 3944 626 3995 II
645 3944 660 4009 ξ
680 3945 695 3994 2
714 3961 741 3995 n.
762 3943 795 3995 19
814 3969 850 3977 „.
867 3938 941 4006 quod
964 3937 1101 4004 reliquum
1124 3940 1183 3989 erat
1207 3936 1337 3989 carminis
1364 3953 1427 3988 cnm

196 4033 293 4088 ceteris
321 4033 377 4085 illis
405 4031 610 4085 commentariis
633 4031 668 4083 ad
691 4027 888 4083 astronomiam
915 4024 1118 4095 pertinentibus
1142 4025 1172 4077 in
1195 4043 1282 4077 unum
1305 4023 1426 4077 codicem

196 4122 372 4177 coniunctum
392 4122 513 4173 aetatem
532 4119 608 4172 tulit.

269 4208 305 4276 ¹²)
329 4210 371 4263 Ab
395 4208 490 4262 eodem
512 4207 635 4275 priorum
662 4206 798 4259 editorum
823 4202 927 4258 codices
951 4205 979 4255 68
1003 4200 1024 4254 ii
1047 4201 1096 4268 qui
1122 4202 1176 4254 hac
1198 4200 1309 4254 demum
1332 4201 1427 4252 aetate

196 4299 298 4368 reperti
333 4300 397 4350 sunt
424 4296 559 4365 originem
588 4295 704 4358 ducunt,
732 4293 806 4348 inter
833 4309 901 4360 quos
928 4308 999 4343 unus
1027 4287 1294 4343 Ashburnlramensis
1319 4287 1427 4356 optimo

196 4405 318 4442 meorum
338 4386 432 4457 generi
452 4385 488 4450 (u.
508 4385 590 4441 infral
615 4385 707 4436 aetate
730 4399 781 4450 par
800 4384 849 4444 est,
873 4379 1084 4448 Sangallensem
1103 4378 1165 4442 250,
1186 4376 1346 4430 Leidensem
1365 4377 1426 4440 225,

196 4463 361 4531 Vossianuin
380 4475 500 4544 primum
520 4471 699 4526 deterioribus
719 4473 751 4524 ut
772 4470 957 4538 adsignemus,
976 4484 1080 4536 paucae
1099 4483 1193 4520 eornm
1211 4482 1280 4532 quas
1298 4465 1426 4519 nouimus

196 4566 327 4621 lectiones
347 4564 471 4619 suadent.
