3254 5040
732 342 884 408 LXVllll

199 537 495 621 Sangermanensia
523 543 631 604 exstat
652 559 717 604 non
744 539 995 606 contemnendus
1024 560 1210 608 consensus.
1256 543 1423 626 passiuam

197 645 282 712 enim
301 644 453 710 exhibent
470 651 671 730 structuram,
694 646 813 711 cumin
831 646 966 730 uulgata
980 647 1135 714 memoria
1148 647 1211 714 hoc
1225 649 1423 714 enuntiatum

197 752 240 819 sit
271 751 422 819 actinum.
472 751 535 818 hac
567 771 695 836 quoquc
722 753 756 818 in
784 773 819 819 re
847 760 882 818 ut
910 752 1043 820 scholiis
1079 753 1246 821 adsentiar
1277 757 1422 842 inprimis

196 859 341 926 adducor
369 879 416 945 co,
449 858 535 944 quod
567 861 783 927 nominatiuus
810 863 923 944 Pyrois
954 860 987 926 in
1014 868 1148 946 uhoquc
1181 862 1303 929 scholio
1335 869 1423 930 recte

197 974 345 1035 seruatus
360 975 418 1053 est,
441 988 513 1033 cum
526 971 563 1034 X
574 968 754 1035 accusatiui
768 968 905 1034 formam
920 976 1103 1055 corruptam
1117 969 1266 1035 habuerit
1278 974 1421 1055 pyriooo.

196 1076 230 1140 in
252 1075 336 1141 hanc
359 1075 494 1140 formam
507 1078 662 1158 Pyroenta
685 1074 897 1161 deprauatum
921 1095 994 1142 csse
1016 1096 1110 1142 nemo
1127 1076 1190 1143 sibi
1203 1076 1421 1162 persuadebit.

196 1182 306 1266 itaque
324 1182 439 1248 melius
456 1181 504 1248 sic
518 1202 586 1247 rem
610 1180 774 1266 explicare
789 1182 867 1247 mihi
880 1181 1003 1268 uideor,
1025 1189 1062 1248 ut
1078 1187 1213 1268 pyriono
1235 1184 1299 1250 leui
1316 1204 1423 1250 errore

197 1295 364 1355 exaratum
401 1289 444 1354 sit
480 1309 539 1373 pro
571 1293 706 1373 pyroirm
736 1289 790 1355 uel
827 1293 914 1371 (nam
945 1289 1055 1355 littera
1087 1314 1107 1355 o
1137 1291 1229 1357 uocis
1261 1294 1425 1376 appellauit

197 1396 352 1480 sequitur)
376 1415 434 1480 pro
452 1398 575 1480 pyrotry
601 1416 698 1479 quem
716 1397 898 1463 accusatiui
921 1397 1058 1462 formam
1080 1418 1144 1463 non
1166 1418 1299 1483 prorsus
1314 1398 1422 1464 fictam

197 1523 270 1570 esse
302 1502 401 1569 liccat
432 1503 570 1588 probare
601 1502 673 1568 loco
706 1503 846 1587 quodam
878 1504 1030 1570 Martiani
1059 1504 1223 1590 Capellae,
1255 1505 1310 1572 ubi
1342 1527 1422 1590 quos

196 1608 421 1695 Eyssenhardt
435 1609 569 1675 contulit
584 1609 714 1676 codices
722 1611 973 1695 Bambergensis
985 1619 1017 1677 ct
1025 1611 1301 1679 Reichenauensis
1309 1617 1424 1698 pyreio

196 1716 317 1783 hahent
332 1723 376 1803 (p.
391 1719 532 1802 31522),
557 1716 644 1801 quod
667 1717 701 1783 in
714 1721 869 1802 Pyroenta
883 1718 1106 1805 Eyssenhardt
1129 1721 1275 1786 correxit.
1308 1723 1424 1805 Pyrois

198 1831 303 1891 autem
313 1824 446 1890 librario
456 1823 598 1910 debetur,
614 1825 698 1908 quia
709 1825 851 1908 genuina
864 1826 1019 1891 memoria
1028 1847 1197 1910 regressus
1211 1847 1269 1912 pro
1279 1828 1422 1893 nomina-

196 1932 264 1998 tiuo
286 1969 330 1980 -
354 1952 448 2015 quem
472 1938 504 1997 ct
532 1931 671 2018 epitome
695 1938 727 1998 et
751 1932 849 1999 schol.
872 1934 948 1999 Bas.
976 1933 1097 2000 habent
1120 1942 1152 2001 et
1180 1935 1251 2021 ipse
1274 1935 1423 2020 Hyginus

197 2062 228 2125 p.
250 2039 344 2124 1205>
360 2075 399 2086 —
416 2040 645 2125 accusaduum,
669 2046 702 2105 et
720 2058 779 2125 pro
797 2041 932 2125 passiuo
956 2042 1097 2108 actiuum
1121 2042 1259 2128 scripsit
1284 2041 1424 2109 fortasse

198 2145 360 2213 adductus
388 2166 427 2212 co
456 2146 543 2230 quod
571 2146 739 2232 praecedit
765 2151 950 2232 eiyatficoos,
980 2169 1084 2233 equo
1112 2153 1201 2217 stello
1226 2149 1369 2235 pendere
1393 2151 1424 2216 ei

198 2251 371 2319 uideretur.
416 2256 592 2336 styctficoos
619 2260 727 2320 autem
750 2274 822 2320 cum
854 2254 942 2341 apud
965 2259 983 2338 β
1006 2254 1048 2321 de
1071 2257 1198 2323 Uenere
1221 2255 1341 2322 dictum
1365 2257 1423 2323 sed

197 2359 295 2445 plane
318 2360 360 2427 sit
383 2359 591 2445 superfluum,
624 2361 658 2426 in
685 2360 746 2426 hoc
777 2361 948 2426 uerborum
981 2382 1104 2428 conexu
1131 2363 1165 2427 id
1194 2363 1256 2429 sibi
1283 2363 1361 2449 uult,
1388 2371 1424 2430 ut

198 2468 271 2552 ipsa
295 2467 391 2533 stella
411 2488 469 2534 suo
493 2468 621 2533 nomine
645 2467 815 2551 significet,
840 2474 960 2552 quanto
974 2469 1111 2535 Ueneris
1135 2489 1244 2536 amore
1257 2471 1345 2537 Mars
1370 2491 1423 2537 ex-

198 2575 323 2642 arserit.
378 2581 479 2641 totum
511 2576 611 2659 igitur
646 2576 753 2642 locum
790 2576 837 2642 sic
870 2576 1077 2643 constitutum
1107 2576 1237 2662 Hygino
1273 2576 1422 2646 reddam:

197 2687 298 2767 itaque
328 2704 419 2769 orcam
450 2686 641 2750 uehementer
671 2707 760 2752 umor
791 2707 859 2750 curn
891 2687 1060 2751 incenderit
1089 2689 1264 2770 styniyicnns
1295 2709 1311 2751 e
1335 2692 1423 2770 facto

197 2793 284 2856 stello
311 2789 409 2877 (hanc
436 2791 521 2857 enim
553 2812 666 2859 uocem
693 2813 715 2856 a
743 2791 919 2859 scholiasta
950 2799 985 2858 ut
1012 2792 1126 2878 opinor
1153 2793 1308 2859 omissam
1334 2798 1423 2858 recte

198 2904 410 2964 seruauerunt
433 2898 742 2983 Sangermanensia)
765 2903 876 2983 Pyrois
899 2908 944 2966 est
965 2903 1126 2985 oppelhrto.
1174 2899 1261 2984 quod
1284 2900 1332 2965 ita
1355 2900 1422 2965 fere

197 3011 323 3072 certas:
354 3005 466 3072 Daher
492 3005 605 3072 wurde
633 3006 691 3073 der
720 3007 823 3092 Stern,
855 3028 912 3072 zur
938 3007 1167 3090 Beneichnung
1194 3006 1252 3072 der
1278 3006 1423 3090 hetligen

198 3112 389 3197 Licbesglut
426 3113 484 3181 des
516 3113 639 3199 (tottes,
676 3114 760 3180 nach
797 3113 905 3182 dieser
935 3114 1157 3199 Begebenheit
1193 3114 1251 3180 der
1282 3113 1422 3198 Feurige

199 3226 349 3304 genennt

288 3362 330 3428 at
360 3367 403 3432 24
429 3362 563 3430 multos
590 3362 844 3448 praestantem.
890 3364 1113 3432 accusatiuum
1142 3385 1236 3449 quem
1263 3368 1300 3431 X
1324 3362 1424 3430 habet

200 3475 316 3553 (multis
340 3471 431 3537 codd.
456 3471 670 3540 recentissimi
694 3479 725 3539 ct
742 3471 829 3553 cdd.)
854 3473 953 3539 etiam
976 3472 1063 3556 quod
1086 3474 1119 3537 in
1142 3473 1233 3555 A(K)
1259 3477 1308 3538 cst
1329 3474 1423 3537 molto

198 3578 331 3646 indicat.
370 3577 485 3645 cadem
505 3586 664 3646 structura
678 3580 763 3646 redit
785 3602 815 3666 p.
831 3582 929 3666 45‚10
952 3583 1072 3662 (ceteris
1091 3581 1135 3661 U)
1151 3585 1184 3644 et
1198 3581 1249 3663 21,
1267 3600 1298 3665 p.
1313 3580 1366 3664 57,
1382 3580 1423 3644 12

199 3689 318 3769 (ceteris
340 3690 379 3751 M
387 3685 420 3773 ¹),
451 3708 483 3773 p.
508 3688 581 3772 793
606 3689 658 3770 (=
690 3686 756 3753 sch.
789 3685 831 3750 25
856 3689 886 3772 3,
918 3687 1233 3772 retpotonem).
1278 3685 1423 3751 datiuum

200 3793 345 3862 seruauit
376 3799 412 3861 X
444 3817 500 3881 pp.
534 3796 639 3881 39‚14.
673 3796 758 3880 49,1.
792 3795 897 3880 51,st
954 3815 984 3862 n.
1016 3793 1146 3877 Drtgcr
1181 3792 1264 3860 Hist.
1299 3792 1425 3878 Syntax

198 3902 311 3970 1380.

288 4043 330 4108 25
354 4048 397 4113 24
421 4067 490 4131 sqq.
535 4063 604 4128 qua
632 4061 672 4110 re
699 4044 851 4110 nimium
882 4043 1016 4110 elatum
1045 4042 1154 4109 etiam
1184 4058 1261 4108 cunr
1288 4039 1425 4105 Uenere

199 4151 365 4234 certasse,
389 4152 431 4218 ut
458 4153 568 4220 etiarn
587 4151 842 4219 Eratosthenes
865 4151 968 4234 dicit,
991 4166 1141 4233 eumque
1165 4148 1231 4215 hac
1254 4147 1297 4213 de
1321 4162 1425 4212 cause

198 4258 350 4327 Ueneris
381 4259 569 4344 appellari.
615 4259 677 4342 qui
709 4258 802 4342 quod
843 4257 1031 4326 exoriente
1067 4256 1143 4324 solo
1175 4254 1211 4321 et
1244 4251 1425 4319 occidente

198 4367 365 4434 uideatur
393 4420 401 4437 .
429 4421 437 4436 .
470 4369 609 4454 (reliqua
639 4370 674 4435 in
701 4368 834 4437 scholiis
867 4367 1122 4446 interciderunt).
1177 4363 1210 4428 in
1237 4365 1274 4428 X
1298 4360 1358 4426 fuit
1386 4383 1426 4426 00

198 4499 259 4563 orto
277 4501 312 4544 re
329 4482 421 4546 etiam
435 4502 460 4546 0.
482 4480 517 4546 U.
541 4481 654 4546 dicitur
667 4501 704 4558 0.,
727 4487 763 4544 ct
784 4501 809 4544 e.
824 4480 864 4543 E.
879 4479 909 4543 d.
934 4498 1004 4542 eum
1025 4476 1082 4539 hoc
1104 4474 1142 4537 de
1159 4493 1184 4536 c.
1209 4471 1244 4534 U.
1269 4469 1426 4552 appellari.

198 4588 353 4653 exoriente
375 4590 438 4654 sole
451 4597 480 4656 et
493 4589 644 4654 occidente
665 4588 775 4653 oldai.
813 4591 953 4672 yuarect
966 4589 1037 4648 ante
1059 4581 1194 4644 dicimos
1216 4580 1285 4641 iure
1306 4576 1385 4640 hooc
1398 4584 1428 4641 et
