3254 5040
735 304 893 370 XXXVII

198 501 293 569 huius
315 502 414 586 igitur
441 501 532 570 uocis
559 501 697 587 pluralis
725 521 799 567 eum
827 500 1025 585 frequentius
1050 501 1091 566 ab
1115 501 1245 585 Hygino
1275 500 1425 568 uideatur

197 616 372 695 usurpatus
397 608 450 692 (cf.
465 609 620 688 ἀνατολαί,
642 613 717 694 πρὸς
733 607 892 687 ἀνατολάς,
918 607 976 674 sed
1000 607 1424 692 definitu1·eaortus[singu·

199 716 290 801 laris]
305 739 337 802 p.
354 719 473 802 2322),
497 739 623 782 occasus
638 716 763 782 duobus
778 722 903 781 tantum
916 715 1006 799 locis,
1031 715 1086 780 ubi
1100 735 1165 781 una
1180 735 1252 781 cum
1265 715 1424 781 uocabulo

198 832 323 890 caoctus
356 823 572 908 coniungitur,
603 845 657 908 pp.
690 823 805 907 105,25
839 828 871 888 et
904 823 1012 907 115,4‚
1044 822 1168 888 numeri
1199 827 1248 887 est
1279 821 1424 907 pluralis,

198 931 314 997 ceteris
341 930 422 997 locis
451 930 598 997 omnibus
627 929 715 995 nullo
743 927 885 996 notionis
915 927 1099 994 discrimine
1128 927 1215 994 iacto
1240 928 1424 1012 singularis.

289 1071 305 1135 l
324 1075 365 1139 14
389 1071 425 1137 et
444 1071 612 1137 exoriens
631 1070 729 1135 infra
748 1069 1000 1152 Triangulum,
1025 1069 1118 1152 quod
1137 1087 1245 1153 supra
1264 1069 1424 1136 diximus

198 1177 436 1265 conlocatum,
464 1179 551 1263 quod
574 1178 748 1263 Vogelsius
772 1177 917 1245 codicem
940 1179 970 1243 A
998 1185 1128 1245 secutus
1155 1177 1328 1262 legendum
1352 1200 1424 1264 pro-

197 1287 314 1372 posuit,
338 1287 414 1352 ferri
438 1286 558 1371 nequit.
596 1307 672 1351 nam
695 1289 776 1370 qaod
788 1309 813 1351 s.
830 1286 990 1352 dcccli.
1007 1305 1034 1352 e.
1058 1285 1154 1369 ‘quod
1168 1306 1267 1371 supra
1281 1285 1424 1352 Arietem
1503 1357 1506 1364 ,

198 1394 279 1459 conl.
312 1414 385 1460 esse
418 1393 566 1459 diximus’
601 1393 753 1459 abhorret
785 1393 827 1458 ab
859 1393 979 1478 Hygini
1017 1391 1249 1459 consuetudine
1286 1392 1424 1478 dicendi,

198 1520 270 1565 oum
280 1500 366 1585 quod
381 1501 414 1566 in
428 1501 547 1568 nostris
564 1499 730 1566 codicibus
745 1500 863 1583 legitur
877 1503 957 1585 qaod
970 1523 1066 1585 snpra
1079 1502 1216 1565 dianas
1231 1500 1424 1585 saepissime

198 1607 241 1673 sit
276 1614 474 1694 usurpatum.
520 1628 624 1691 nequo
662 1616 752 1692 capul
788 1606 905 1674 deesse
940 1613 1061 1692 potest,
1098 1627 1170 1673 cum
1206 1606 1301 1674 huius
1338 1607 1424 1691 signi

198 1714 372 1781 exorientis
395 1715 515 1800 positio
541 1714 733 1801 etpedibus
758 1721 798 1792 (u.
824 1715 878 1796 15)
903 1720 935 1780 et
959 1714 1065 1799 capite
1089 1713 1296 1797 significetur.
1332 1714 1423 1781 schor

197 1821 311 1888 liorum
330 1822 429 1905 igitur
442 1821 565 1888 librarii
589 1823 685 1907 culpa
700 1828 732 1888 et
747 1831 850 1887 lenens
865 1828 897 1887 et
910 1830 1002 1906 caput
1022 1820 1228 1888 intercidisse
1251 1821 1329 1886 mihi
1352 1843 1423 1908 pei·-

198 1948 329 1995 suasum
353 1935 410 2014 est,
433 1950 496 1995 non
520 1950 541 1994 a
565 1929 743 1996 scholiasta
767 1928 846 1995 data
869 1949 969 2014 opera
993 1928 1097 1995 eiecta
1121 1949 1203 2014 esse,
1227 1929 1346 2015 quippe
1369 1929 1423 2014 qui

196 2057 260 2102 non
284 2035 313 2102 is
337 2035 442 2122 fuerit,
470 2036 525 2121 qui
548 2042 616 2102 tam
639 2035 721 2102 scite
745 2043 777 2101 ot
799 2035 951 2102 breuitati
975 2042 1007 2102 et
1030 2036 1210 2103 sententiae
1234 2037 1423 2104 consuleret.

288 2177 304 2241 l
336 2182 378 2245 22
415 2176 635 2243 Athamanta
667 2177 805 2263 scholia,
839 2199 910 2244 cum
942 2182 979 2242 X
1008 2186 1040 2244 et
1071 2178 1100 2242 h.
1128 2178 1149 2243 l.
1180 2185 1212 2245 et
1243 2178 1336 2265 infra,
1369 2182 1423 2246 ubi

161 2291 163 2295 '
198 2285 322 2352 scholia
346 2284 472 2372 desunt,
494 2309 526 2373 p.
550 2289 646 2371 60,24
669 2285 806 2351 latinam
829 2285 966 2351 formam
988 2285 1109 2351 habeat
1131 2287 1358 2368 Athamantea,
1384 2287 1422 2353 cf.

199 2391 239 2456 13
263 2396 284 2458 4
307 2394 435 2459 Atlanta
456 2397 498 2479 X,
520 2394 676 2460 Atlanteas
700 2396 733 2479 Y,
762 2392 849 2478 quod
872 2396 908 2457 X
933 2392 1034 2458 altero
1060 2413 1122 2476 quo
1146 2392 1207 2458 hoc
1231 2394 1424 2460 uocabulum

197 2501 333 2566 occurrit
354 2500 426 2566 loco
449 2523 481 2587 p.
507 2503 603 2586 3333
634 2499 778 2567 seruauit
801 2501 970 2581 (Atlantem
993 2503 1150 2582 montem).
1196 2499 1242 2565 ita
1267 2521 1306 2567 ex
1329 2500 1422 2567 codd.

197 2608 275 2673 certi
307 2607 484 2692 quidquam
512 2607 553 2673 de
585 2614 697 2673 neutro
731 2605 888 2673 uocabulo
921 2613 1029 2691 potest
1057 2606 1168 2692 statui,
1200 2628 1318 2693 neque,
1351 2628 1421 2675 eum

196 2721 304 2780 cetera
328 2715 467 2798 quaein
490 2719 619 2780 as-antc's
643 2720 675 2780 ot
698 2717 832 2780 on-onle's
856 2707 975 2780 exeunt
997 2712 1127 2778 nomina
1151 2735 1305 2797 graecum
1328 2736 1420 2781 accu-

196 2822 335 2888 satiuum
368 2821 569 2888 seruauerint
601 2820 716 2906 omnia,
754 2823 963 2905 Carnabonta,
1000 2823 1248 2905 Demiphonta¹),
1285 2826 1419 2905 placata,

195 2932 365 3012 Pareanta,
404 2932 607 3011 Phaethonta,
645 2930 836 3010 Phorbanta,
875 2927 973 2994 etiam
1008 2928 1196 2993 Athamanta
1232 2934 1264 2994 et
1295 2929 1422 2994 Atlanta

196 3042 329 3121 utroque
356 3036 429 3102 loco
457 3037 534 3101 licet
560 3035 738 3103 restituere.
783 3036 981 3102 nemetiam
1011 3042 1121 3101 cetera
1147 3035 1278 3100 uomina
1301 3056 1421 3119 graeca

197 3143 344 3208 similiter
375 3143 458 3209 inter
491 3164 644 3227 graecam
676 3143 812 3208 formam
844 3150 876 3210 et
907 3142 1043 3208 latinam
1075 3141 1232 3209 fluctuare
1263 3141 1420 3213 uidentur.

197 3248 244 3316 sio
274 3250 438 3316 nominum
469 3249 502 3314 in
535 3273 587 3315 eas
621 3249 835 3317 desinentium
868 3250 1080 3334 aecusatiui2)
1118 3270 1228 3317 omnes
1261 3250 1293 3314 ni
1325 3250 1421 3316 fallor

196 3378 348 3440 graecam
370 3356 491 3423 habent
506 3356 639 3422 formam
664 3358 698 3421 in
717 3381 762 3440 ea,
788 3364 820 3424 et
842 3357 998 3443 pleraque
1023 3378 1140 3442 eorum,
1165 3378 1298 3441 quorum
1322 3357 1421 3444 stirps

196 3466 228 3528 in
256 3485 353 3531 unam
381 3465 524 3530 litteram
554 3485 728 3530 consonam
757 3465 833 3546 exit,
863 3488 883 3529 a
905 3464 1025 3531 habent
1047 3485 1105 3549 pro
1130 3487 1186 3530 era.
1217 3470 1291 3530 sunt
1313 3472 1421 3531 autem

195 3571 290 3638 haec:
317 3574 428 3638 Catrca
442 3573 495 3655 (=
514 3571 639 3658 schol),
664 3573 791 3657 Cepdea,
818 3572 917 3653 Cetea,
945 3572 1054 3637 Creten
1077 3571 1129 3656 (=
1149 3570 1271 3656 schol),
1294 3573 1420 3656 Hyriea,

289 3840 308 3909 ¹)
326 3841 405 3897 Hane
423 3841 540 3896 formam
559 3843 588 3896 et
602 3843 754 3909 Demiplcaa
768 3840 957 3909 Demiphontis
976 3839 1026 3909 (gr.
1042 3837 1181 3910 Δημοφῶν)
1200 3839 1257 3894 iam
1271 3839 1420 3894 Bursianus

195 3949 229 3986 ex
251 3931 327 3986 codd.
352 3929 484 3987 restituit.
522 3948 549 3984 u.
568 3930 597 3984 F.
617 3930 647 3984 0.
667 3929 760 3984 Weise
783 3929 835 3984 Die
858 3929 960 3998 griech.
981 3929 1091 3984 W'o‘rter
1114 3928 1153 3983 im
1172 3928 1272 3984 Latein
1296 3946 1361 3998 pag.
1377 3929 1420 3994 60,

195 4020 302 4076 Bitschl
321 4038 364 4090 op.
383 4020 424 4074 III
441 4038 468 4089 p.
488 4020 541 4075 308
560 4037 599 4088 sq.

287 4143 308 4214 ²)
326 4146 367 4200 De
385 4162 440 4200 aaa.
459 4144 531 4215 sing.
550 4173 583 4182 ·-
604 4162 658 4200 aaa.
682 4144 753 4213 plur.
777 4143 878 4200 tertiae
901 4161 1007 4214 semper
1030 4142 1131 4199 desinit
1149 4143 1179 4197 in
1198 4162 1242 4198 as:
1265 4144 1421 4212 Aethiopas,

199 4237 319 4303 Curetas,
343 4237 481 4307 Cyclopas,
500 4237 668 4301 Dodonidas,
687 4236 810 4303 Hyadas,
834 4236 969 4303 Meropas,
988 4236 1130 4301 Nereidas,
1149 4235 1273 4301 Pliadas,
1295 4235 1422 4300 Titanas;

195 4327 322 4394 aletidas,
345 4328 492 4393 astacades
510 4323 737 4393 -potissimum
760 4326 802 4379 est
826 4323 972 4393 agendum.
1014 4322 1139 4393 genetiui
1161 4321 1288 4377 nonnulli
1311 4323 1421 4377 exstant

194 4415 300 4485 graeci:
332 4416 467 4483 Callistus,
490 4416 619 4482 Mepistns
643 4411 712 4480 (acc.
735 4414 851 4481 Callisto,
876 4415 987 4482 Megisto
1011 4412 1044 4468 cf.
1068 4412 1121 4467 abl.
1149 4414 1268 4480 Celaeno,
1291 4412 1339 4466 sed
1362 4411 1420 4466 dat.

195 4508 276 4560 Inoni
293 4523 319 4574 p.
339 4504 441 4573 62,19);
464 4507 562 4572 Panos,
586 4506 693 4559 Minoas
715 4505 743 4558 et
762 4505 872 4559 Minois.
909 4520 1008 4573 graeca
1032 4504 1096 4557 sunt
1119 4501 1204 4557 uerba
1227 4505 1312 4571 aldes,
1335 4519 1420 4570 aegos,

196 4596 314 4662 aletidos,
334 4597 400 4650 dios.
422 4623 454 4633 -
474 4594 508 4649 de
526 4611 598 4648 nom.
617 4592 687 4663 sing.
707 4595 736 4647 et
753 4593 824 4662 plur.
843 4611 869 4648 u.
889 4591 970 4646 infra.
