3254 5040
195 477 293 542 Mico
316 477 453 543 Leuita
477 475 653 556 (Baehrens
667 476 756 541 PLM
777 476 794 541 I
815 498 868 562 pp.
896 479 1048 560 141142,
1071 477 1141 542 Jen.
1155 476 1229 543 Litt.
1248 478 1318 561 Ztg.
1343 479 1364 543 4
1388 498 1419 546 a.

199 587 282 650 1877
310 606 342 668 p.
370 583 446 671 155)
478 585 512 649 in
544 584 654 651 libello
686 583 879 669 prosodiace
914 583 1062 670 (1441114)
1096 584 1219 667 aliquot
1254 585 1420 652 Ciceronis

197 690 347 756 carminis
359 711 474 758 uersus
498 690 603 756 adfert
618 697 651 756 et
665 690 746 757 duos
761 690 953 776 Germanici,
977 711 1111 774 quorum
1129 692 1266 756 alterum
1281 694 1323 772 (4.
1338 694 1419 774 239)

196 818 367 882 perperam
394 798 538 882 praefixo
566 799 659 863 titulo
687 797 810 864 ‘Cicero
838 799 871 863 in
898 797 1112 883 pronosticis’.
1159 798 1281 882 Hygini
1309 805 1421 865 autem

197 905 376 989 exemplum
401 904 514 970 codem
538 904 606 970 fere
629 911 773 989 tempore
802 911 954 970 exaratur
977 905 1011 969 in
1033 906 1229 970 monasterio
1252 904 1421 990 Aegiensi,

196 1011 282 1096 4441
310 1012 393 1077 inter
421 1013 519 1077 libros
543 1013 602 1077 suh
631 1013 750 1077 abbate
772 1012 971 1078 Ruodhelmo
996 1019 1037 1090 (a.
1063 1015 1252 1089 838-842)
1281 1013 1419 1099 scriptos

196 1120 246 1184 1114
269 1120 377 1185 uerbis
402 1125 667 1184 commemoratur
696 1119 785 1186 ‘liber
808 1119 1007 1202 astrologiae
1029 1118 1151 1203 Hygini
1179 1118 1312 1185 mirifice
1335 1140 1420 1184 com-

196 1225 368 1291 mendatus
383 1225 427 1290 ad
440 1226 575 1291 Fabium
599 1247 690 1292 suum
714 1226 875 1291 dilectum’
901 1230 943 1308 (4.
960 1227 1139 1291 Beckerum
1154 1225 1225 1291 loco
1240 1226 1273 1291 in
1287 1226 1360 1292 adn.
1376 1229 1421 1293 26

196 1332 329 1397 1441414
354 1331 479 1419 9,I)2⁷).

283 1439 398 1505 Eidem
421 1440 488 1505 1414
512 1441 613 1506 441411
637 1440 788 1508 adscribo
812 1452 941 1507 carmen
965 1440 1129 1524 quoddam
1150 1441 1287 1525 primum
1303 1463 1324 1506 a.
1340 1443 1421 1506 Bur-

196 1547 287 1613 siano
312 1567 354 1612 411
377 1546 446 1614 cod.
473 1547 640 1632 Sangerm.
664 1550 731 1614 434
758 1546 815 1634 (14
838 1568 901 1631 444
924 1569 954 1612 4.
977 1546 1074 1634 infra)
1104 1549 1272 1632 uulgatum
1297 1547 1420 1632 [annal.

193 1654 305 1740 philol.
331 1658 373 1720 93
403 1675 432 1721 a.
460 1658 544 1722 1866
572 1677 604 1739 p.
631 1659 690 1722 181
722 1685 756 1709 =
784 1654 913 1722 Anthol.
942 1654 999 1718 lat.
1030 1658 1090 1722 761
1120 1655 1238 1740 111444),
1266 1676 1350 1721 nunc
1378 1675 1420 1721 ex

193 1761 250 1827 illo
280 1761 393 1827 441144
424 1768 455 1828 41
478 1763 570 1829 Voss.
598 1765 637 1828 15
667 1783 752 1828 saec.
775 1763 823 1826 XI
852 1765 893 1843 (4.
923 1782 1021 1847 snpra
1049 1783 1078 1846 p.
1103 1765 1123 1825 5
1148 1765 1207 1846 44.)
1238 1762 1358 1828 editum
1387 1762 1422 1827 in

193 1868 385 1935 Baehrensii
408 1868 495 1932 PLM
518 1870 545 1933 V
569 1889 643 1953 pag.
668 1871 747 1935 380:
783 1866 896 1934 ‘Haec
918 1869 1070 1954 pictura
1095 1869 1207 1935 decet
1235 1868 1423 1953 quicquid

194 1976 379 2042 recitauit
401 1973 570 2058 Yginus’.
607 1983 736 2060 praeter
754 1975 964 2060 Hyginum²⁸l
986 1976 1098 2042 Cicero
1122 1984 1157 2042 ut
1179 1977 1293 2042 harum
1315 1997 1422 2042 rerum

196 2090 309 2148 auctor
341 2081 500 2166 laudatur,
534 2083 571 2148 cf.
599 2104 630 2150 u.
657 2087 697 2149 27
730 2083 894 2149 ‘Cicerone
926 2083 1101 2168 magistro,
1138 2105 1200 2167 quo
1232 2083 1304 2149 1444
1336 2104 1422 2168 4444

197 2191 400 2275 explicantur
429 2189 482 2268 (14
511 2190 651 2272 quinque
680 2191 780 2268 441114)
810 2212 831 2255 4
854 2190 1009 2256 Cicerone
1038 2191 1145 2256 aliena
1175 2197 1256 2276 sunt,
1286 2191 1345 2257 sed
1374 2191 1423 2255 in·

196 2299 366 2362 ueniuntur
389 2298 422 2361 in
440 2297 563 2381 Hygini
586 2296 667 2362 libro
682 2297 706 2362 Ι.
755 2296 813 2362 441
837 2297 1025 2363 4114141141
1049 2299 1146 2362 etiam
1169 2319 1254 2381 4444
1276 2298 1422 2363 neutrius

198 2411 279 2489 sunt,
303 2411 337 2469 ut
361 2403 461 2469 coluri
484 2424 514 2468 u.
539 2406 577 2469 21
605 2424 673 2486 sqq.
698 2402 742 2490 (4.
765 2403 849 2468 infra
872 2426 902 2489 p.
925 2405 1033 2469 XLIII
1057 2404 1131 2472 adn.
1158 2403 1201 2491 2).

288 2617 374 2686 Ἡ)111
393 2617 514 2672 eiusdem
533 2618 635 2672 saeculi
654 2619 781 2687 catalogo
795 2619 968 2688 Sangallensi
987 2623 1163 2674 enumeratur
1182 2620 1277 2687 ‘Ygini
1293 2619 1423 2673 uolumen

198 2710 218 2762 Γ
244 2708 360 2773 (Becher
385 2706 499 2773 11322),
527 2706 575 2774 441
603 2707 684 2760 hodie
711 2711 802 2761 exstat
825 2708 1011 2778 Sangallensis
1039 2709 1141 2762 saeculi
1165 2712 1206 2763 441
1229 2710 1254 2762 X
1278 2707 1315 2776 (4.
1339 2727 1423 2777 supra

199 2815 263 2866 pag.
288 2797 322 2864 7).
348 2825 380 2834 -
404 2795 453 2864 441
480 2798 622 2863 praeterea
645 2795 675 2848 in
698 2796 822 2864 antiquis
849 2798 985 2866 catalogis
1008 2816 1025 2851 a
1047 2798 1167 2852 Beckero
1195 2798 1333 2852 communi
1360 2797 1423 2851 usui

199 2885 348 2954 patefactis
367 2886 614 2939 commemorantur
632 2884 739 2954 Hygini
758 2885 869 2950 4411444,
890 2889 1027 2954 quantum
1045 2886 1187 2940 conferant
1207 2887 1242 2940 ad
1260 2887 1423 2941 statuendas

200 2974 257 3028 eius
280 2974 428 3028 memoriae
452 2990 501 3042 per
519 2972 603 3027 Medii
622 2973 692 3027 Aeui
716 2975 826 3028 saecula
843 2974 907 3029 inde
927 2993 943 3028 a
961 2993 1033 3029 nono
1056 2978 1226 3044 propagatae
1244 2976 1423 3039 condiciones,

199 3063 366 3131 perspicient
384 3063 483 3116 harum
502 3080 592 3116 rerum
610 3062 753 3131 peritiores
772 3066 801 3117 41
819 3065 944 3132 pluribus
963 3064 1069 3133 Hygini
1088 3064 1224 3118 codicibus
1242 3065 1379 3119 instructi.

292 3150 327 3219 28)
355 3153 498 3222 Hyginum
526 3151 683 3205 adhibitum
714 3170 771 3206 esse
799 3154 834 3206 ab
861 3157 971 3208 auctore
1003 3153 1085 3206 huius
1117 3153 1245 3206 carminis
1274 3171 1322 3222 pro
1350 3157 1424 3208 certo

200 3243 295 3296 habeo.
333 3241 372 3295 sie
390 3259 484 3295 uocem
504 3244 717 3310 411144441144414
735 3242 838 3296 format
851 3262 877 3296 u.
892 3244 927 3295 46
942 3243 976 3309 (a.
992 3241 1075 3309 14414)
1093 3259 1196 3296 memor
1214 3246 1375 3311 siliquastri,
1394 3242 1424 3295 in

200 3349 254 3399 444
269 3333 342 3400 Hyg.
362 3331 392 3384 in
410 3348 460 3385 see.
480 3333 509 3385 et
526 3331 610 3385 tertio
629 3331 698 3385 libro
718 3331 768 3395 ((4.
784 3333 826 3386 lb.
843 3332 869 3397 9)
884 3331 1051 3400 Cassiepiam
1070 3332 1209 3386 sedentem
1227 3332 1303 3386 t'acit.
1341 3332 1425 3386 uerba

201 3429 279 3474 44114
297 3424 376 3474 laeua
394 3423 488 3475 Bootis
506 3424 574 3474 ineat
593 3420 632 3484 (4.
653 3423 687 3474 43
706 3423 760 3488 sq.)
779 3421 827 3475 uix
845 3421 1048 3490 intelleguntur
1066 3421 1120 3474 11141
1138 3421 1226 3475 444114
1241 3421 1347 3490 Hygini
1365 3422 1424 3475 loco

200 3529 226 3579 p.
242 3510 328 3574 105‚3.
362 3527 433 3577 quae
447 3510 480 3564 14
494 3510 627 3578 sphaerae
641 3510 766 3578 partibus
781 3510 810 3563 in
825 3511 947 3578 quinque
962 3528 1042 3564 zonas
1056 3511 1152 3564 diuisis
1171 3511 1247 3575 dicit,
1267 3529 1294 3564 u.
1310 3511 1424 3576 ‘28-31,

200 3617 256 3653 non
274 3600 365 3653 minus
383 3599 527 3669 Hyginum
546 3599 586 3668 (p.
605 3599 641 3652 24
659 3600 710 3666 44.)
734 3599 856 3654 indicare
879 3600 1018 3664 uidentur3
1041 3599 1168 3668 inprimis
1187 3601 1269 3656 uerba
1288 3603 1425 3670 aequidies

200 3690 244 3756 (z
264 3685 406 3759 ἰσημερινός
425 3708 450 3758 p.
471 3690 561 3756 alar)
585 3692 657 3757 capit
680 3697 788 3743 4414444
810 3692 880 3755 irinc,
903 3693 967 3743 iude
991 3698 1137 3758 44414444
1154 3690 1261 3759 Hygini
1279 3691 1338 3744 loco
1357 3690 1425 3743 salso

200 3779 342 3833 intellecto
371 3779 505 3833 debentur
527 3797 591 3848 pag.
615 3779 694 3843 ‘2de
717 3779 864 3845 l‘torridae'
892 3779 974 3832 huius
997 3796 1079 3834 zonae
1107 3782 1257 3846 quaternae
1281 3783 1373 3848 partes
1395 3779 1426 3832 in

200 3873 318 3937 utroque
346 3869 547 3936 hemisphaerio
575 3868 645 3922 sitae
672 3869 756 3935 sunt).
793 3868 911 3935 denique
936 3886 1007 3935 quae
1030 3869 1063 3923 de
1086 3870 1111 3922 V
1138 3868 1246 3923 circulis
1270 3868 1339 3922 dicit
1361 3868 1426 3922 iude

201 3978 218 4013 a
236 3977 262 4013 u.
281 3960 316 4012 43
339 3976 395 4011 non
420 3975 481 4011 raro
505 3975 566 4012 cunr
586 3958 656 4026 Hyg.
676 3957 785 4011 faciunt
808 3955 892 4024 (44114
916 3958 1006 4026 magis
1025 3976 1108 4025 quam
1130 3976 1192 4012 cum
1210 3958 1357 4022 Martiano,
1381 3958 1426 4012 cui

201 4051 295 4104 tamen
308 4053 341 4103 ut
355 4047 460 4102 coluros
478 4047 605 4116 inputem
619 4047 661 4101 ita
676 4047 750 4114 quod
769 4047 882 4115 ‘septem
901 4047 993 4114 quina'
1014 4047 1095 4116 signa
1113 4050 1195 4116 poeta
1213 4047 1295 4100 initio
1310 4065 1425 4102 comme·

201 4142 298 4202 morat,
312 4138 346 4192 41.
361 4138 442 4192 Μ411.
458 4137 525 4191 VIII
537 4138 589 4191 838
605 4136 727 4205 [excepto
741 4135 868 4204 zodiacol,
884 4154 1051 4204 quamquam
1066 4136 1119 4189 XII
1133 4136 1214 4206 signa
1228 4154 1282 4190 non
1296 4136 1425 4203 omittit),

203 4229 250 4282 scd
267 4227 310 4281 ita
328 4230 360 4281 ut
374 4229 465 4296 poeta,
483 4227 565 4279 homo
582 4244 637 4280 non
656 4226 699 4280 ita
716 4225 843 4280 indoctus
861 4243 911 4280 nec
928 4225 1086 4280 fabularum
1103 4225 1247 4293 inperitus,
1266 4226 1322 4279 suis
1336 4225 1426 4280 uerbis

201 4319 299 4370 utatur
313 4319 341 4371 et
355 4316 500 4384 sphaeram
519 4315 655 4370 describat
674 4315 709 4369 41
727 4315 865 4384 picturam
884 4315 1148 4384 hemisphaeriorum
1166 4314 1274 4369 circulis
1293 4318 1321 4369 et
1340 4315 1426 4384 signis

201 4406 366 4460 instructam
390 4403 543 4466 (maluisset
566 4404 671 4459 scilieet
694 4423 761 4472 opus
784 4407 879 4459 4411414
902 4408 1007 4473 incipere
1027 4407 1126 4473 1144144
1148 4422 1175 4456 4.
1198 4403 1427 4466 4)-4414111111

202 4513 229 4549 u.
248 4496 284 4550 50
301 4497 364 4564 post
382 4497 475 4548 Persei
493 4496 522 4548 41
540 4512 566 4548 u.
585 4494 620 4547 52
638 4496 701 4563 post
720 4499 818 4549 morito
838 4497 944 4549 {mariti
966 4494 1038 4548 male
1058 4492 1186 4560 Bursian)
1205 4521 1240 4530 -
1258 4493 1366 4547 uncinis
1390 4494 1398 4558 (
1417 4494 1426 4560 )

204 4583 301 4639 teletis
316 4613 358 4649 -‚
377 4602 403 4638 u.
419 4584 454 4639 62
468 4602 507 4652 44.
526 4600 582 4639 non
600 4585 661 4652 post
680 4587 738 4637 eiua
756 4584 803 4637 sed
821 4587 883 4653 post
902 4588 998 4638 411444
1017 4586 1155 4639 commata
1174 4582 1340 4637 conlocanda
1353 4585 1426 4637 sunt.
