3254 5040
743 312 884 377 LXXIII

286 507 320 576 4.
343 506 532 590 Hercules,
559 512 612 593 qui
638 517 668 574 et
692 511 861 593 iopeotoalo
888 511 1009 590 (Ilattia,
1025 507 1137 576 ⁴habet
1164 507 1291 574 stellam
1314 508 1348 572 in
1371 528 1423 573 oa-

197 616 264 701 pite
280 617 304 701 I,
328 616 362 680 in
375 615 508 683 brachio
521 615 546 700 I,
570 614 604 681 in
625 616 745 683 umeris
769 615 915 699 singulas
930 614 1046 700 claras,
1069 615 1102 680 in
1125 615 1254 681 sinistro
1279 616 1385 681 oubito
1399 615 1424 699 I,

199 724 232 788 in
266 724 339 809 ipsa
366 744 463 789 manu
490 723 516 808 I,
548 723 582 789 in
609 723 752 806 utrisque
779 721 875 789 ilibus
903 724 927 807 I,
960 722 993 787 in
1022 722 1135 789 dextro
1168 722 1290 788 femore
1318 721 1358 806 ΙΙ,
1390 722 1423 788 in

198 830 320 917 pedeI,
343 851 442 916 supra
456 830 604 899 dextram
617 851 746 896 manum
760 829 795 895 id
809 836 859 896 est
881 830 915 896 in
929 830 1024 896 claua
1037 829 1062 914 I,
1085 830 1118 895 in
1131 828 1218 916 pelle
1231 823 1335 895 leonis
1349 829 1421 893 ΠΠ.

199 960 324 1005 summa
345 941 435 1006 XVI.

286 1061 317 1127 5.
341 1060 476 1129 corona
499 1062 598 1129 habet
620 1061 732 1129 stellas
756 1064 837 1129 VIII
855 1062 890 1127 in
912 1062 1022 1128 orbem
1044 1063 1177 1147 positas,
1201 1083 1336 1146 quarum
1357 1067 1423 1129 tres

199 1171 317 1257 olarae,
341 1191 425 1255 quae
448 1177 560 1236 eontra
584 1168 690 1255 capud
714 1169 871 1254 Serpentis
893 1172 1138 1256 septentrlooulis
1161 1176 1242 1236 sunt.
1436 1177 1439 1180 ’

287 1294 319 1359 6.
343 1297 651 1377 §ammentum
674 1298 726 1380 qut
746 1317 836 1379 prece
852 1295 1005 1381 Opttaoos
1018 1304 1156 1378 uocatur,
1180 1295 1278 1362 habet
1297 1294 1424 1362 stellam

198 1403 232 1467 in
256 1402 363 1487 eapite
387 1401 509 1467 elaram
523 1401 548 1487 Ι,
571 1402 605 1466 in
628 1402 765 1486 singulis
788 1402 906 1468 umeris
931 1401 1046 1487 clarae,
1070 1402 1104 1468 in
1127 1403 1263 1487 singulis
1286 1401 1423 1488 pedibus

200 1510 319 1594 elatae,
351 1509 384 1573 in
417 1509 547 1575 sinistra
578 1529 675 1575 manu
708 1507 765 1593 111,
798 1509 831 1573 in
860 1507 974 1574 dextra
1001 1508 1067 1575 IIII
1095 1510 1210 1595 oleras,
1241 1511 1274 1575 in
1308 1509 1424 1576 oubitis

200 1616 335 1700 singulis
364 1615 519 1700 singulas,
550 1616 584 1681 in
612 1615 748 1699 singulis
776 1616 911 1699 genibus
944 1617 1102 1702 singulas,
1129 1617 1163 1682 in
1191 1616 1303 1684 dextro
1332 1638 1424 1684 orure

200 1723 330 1789 elaram.
361 1743 486 1789 summa
499 1721 602 1788 XVH.
640 1722 790 1807 Serpens,
814 1745 902 1808 qoem
925 1725 1067 1790 inanibus
1090 1733 1177 1808 terret,
1200 1723 1298 1790 habet
1312 1723 1423 1790 stellas

198 1832 231 1895 in
255 1850 309 1896 ore
334 1828 424 1916 duaa,
447 1830 481 1894 in
505 1830 612 1916 eapite
629 1853 751 1916 paruos
764 1829 837 1915 IIII,
861 1851 963 1915 usque
978 1830 1022 1895 ad
1035 1851 1166 1896 manum
1188 1853 1221 1896 se
1244 1834 1370 1897 teoeotts
1384 1830 1424 1915 Π,

198 1941 231 2002 io
247 1932 336 2020 fleoeu
358 1941 497 2023 eorporis
519 1940 593 2005 XV.
641 1958 766 2003 summa
788 1937 909 2006 XXIII.

289 2060 318 2126 7.
347 2059 515 2144 Soorpius
549 2062 648 2130 habet
678 2063 791 2129 stellas
824 2063 858 2127 in
890 2063 1027 2146 singulis
1059 2063 1208 2129 oornibus
1240 2065 1291 2128 uel
1319 2065 1425 2148 potios

199 2170 286 2234 tabiis
308 2169 412 2254 binas,
436 2189 476 2234 ex
500 2169 615 2253 quibus
638 2169 762 2255 priores
786 2169 896 2235 olarae
919 2176 1000 2255 sunt,
1024 2170 1058 2235 in
1081 2169 1185 2237 fronte
1208 2169 1265 2255 III,
1289 2190 1424 2254 quarum

198 2276 307 2342 media
330 2277 447 2343 clarior
471 2284 527 2362 est,
551 2278 585 2343 in
609 2276 705 2342 dorso
728 2277 777 2341 ΙΙΙ
801 2278 916 2362 clarae,
945 2277 978 2342 in
1000 2282 1112 2344 uentre
1136 2277 1176 2361 II,
1200 2276 1233 2342 in
1257 2276 1362 2343 cauda
1385 2277 1424 2361 V,

198 2385 232 2448 in
265 2385 378 2451 aouleo
410 2384 450 2450 Π.
501 2405 627 2450 summa
658 2383 794 2450 XVIIII.
844 2384 895 2448 Ex
926 2383 977 2449 his
1010 2385 1134 2469 priores
1166 2385 1239 2468 llll,
1276 2403 1360 2468 quae
1390 2384 1424 2448 in

199 2492 348 2558 cornibus
375 2495 426 2557 uel
452 2494 541 2558 lobiis
563 2512 647 2576 quae
671 2490 784 2558 chelae
811 2490 1016 2577 appellantur
1042 2492 1169 2578 positae
1197 2497 1278 2576 sunt,
1305 2490 1424 2558 Librae

199 2596 420 2681 adsignantur.
467 2597 521 2664 hio
549 2605 657 2665 autem
685 2599 726 2664 ob
754 2598 1011 2682 magnitudinem
1039 2599 1072 2665 in
1099 2597 1163 2665 duo
1190 2596 1366 2685 domicilia,
1392 2600 1426 2664 ld

199 2713 244 2769 est
264 2708 298 2770 to
319 2708 453 2789 spatium
475 2708 608 2771 duorum
630 2709 798 2788 spaeram,
823 2706 967 2792 partitur.

287 2826 319 2899 8.
349 2832 514 2913 Bootes,
548 2834 601 2916 qui
628 2853 718 2915 prece
750 2831 905 2914 Artofilua
935 2840 1077 2914 uocatur,
1115 2830 1213 2897 habet
1248 2829 1360 2896 stellas
1392 2830 1426 2897 in

198 2936 312 3002 dextra
343 2957 441 3003 manu
473 2938 546 3022 IIII,
579 2958 663 3021 quae
694 2957 759 3005 non
791 2937 951 3024 oooidnnt,
983 2939 1017 3004 in
1050 2938 1157 3024 eapite
1184 2937 1307 3004 olaram
1336 2939 1360 3023 Ι,
1391 2937 1425 3003 in

198 3044 334 3128 singulis
360 3045 480 3111 umeris
512 3045 672 3131 singulas,
704 3045 738 3110 in
764 3045 918 3112 mamillis
951 3045 1109 3130 singulas,
1140 3044 1279 3112 lucidior
1311 3052 1360 3112 est
1392 3046 1425 3110 in

198 3150 320 3238 dextra,
344 3153 403 3218 sub
426 3173 567 3218 mamma
590 3154 607 3217 Ι
629 3153 808 3239 obscuram,
831 3153 866 3218 in
889 3153 1002 3221 dextro
1026 3154 1133 3219 eubito
1157 3152 1319 3238 olaramI,
1343 3153 1426 3220 inter

198 3278 304 3342 genua
317 3266 453 3345 utraque
466 3261 589 3326 olaram
603 3262 627 3346 Ι,
641 3261 675 3326 in
689 3261 826 3345 singulis
840 3260 978 3348 pedibus
993 3260 1148 3346 singulas.
1179 3281 1304 3326 summa
1318 3261 1421 3327 XIIII.

285 3458 317 3509 4.
340 3458 406 3512 Bas.
429 3460 483 3511 seh.
502 3477 567 3528 pap.
591 3458 659 3522 613.
681 3457 786 3512 11-16
814 3457 820 3526 Ι
848 3457 986 3528 ingeniolo
1005 3462 1032 3513 D
1062 3455 1066 3527 Ι
1096 3455 1198 3527 eapite]
1228 3474 1337 3526 corpore
1365 3459 1390 3510 P
1418 3454 1421 3527 Ι

197 3544 299 3599 hilibus
319 3545 364 3611 ΙΙΙ
382 3546 500 3601 foemore
518 3547 532 3600 I
550 3547 612 3614 Pu!
629 3565 736 3602 summa
754 3548 899 3603 stellarum
918 3550 963 3601 ΡΒ

285 3634 318 3687 5.
337 3637 402 3688 Bos.
417 3654 447 3704 p.
468 3635 548 3702 salo
566 3635 714 3706 optulere
732 3654 786 3705 que
805 3639 833 3691 D
848 3634 853 3707 Ι
868 3637 1008 3707 Serpentis
1027 3635 1107 3706 sept]
1127 3639 1161 3703 cf.
1181 3637 1261 3705 Saotp.
1276 3654 1307 3704 p.
1327 3635 1423 3701 120,19

196 3720 240 3790 (=
260 3722 356 3791 Bere.)
374 3723 515 3793 Serpentis
533 3725 645 3780 Arcturi
669 3728 674 3788 1
700 3726 928 3795 septentrionales
947 3729 970 3780 S

286 3813 319 3867 6.
338 3812 538 3882 serpentarius]
559 3817 593 3882 cf.
609 3816 690 3885 Suap.
709 3817 763 3869 ach.
782 3819 892 3870 initium
911 3823 934 3870 et
952 3818 1156 3883 inscriptionem
1173 3813 1182 3879 Ι
1185 3833 1214 3883 p.
1230 3813 1327 3879 launo
1340 3812 1397 3882 eto.)
1417 3811 1421 3882 Ι

198 3900 346 3970 Ophiueus]
371 3903 405 3969 of.
427 3905 517 3958 Germ.
540 3922 567 3958 u.
587 3904 621 3958 75
647 3904 652 3969 Ι
676 3906 742 3961 Bas.
757 3923 788 3975 p.
808 3904 984 3971 talu—ouo
1009 3905 1013 3971 Ι
1037 3902 1095 3972 qui]
1119 3920 1184 3958 uero
1207 3903 1256 3972 qui
1275 3907 1302 3958 D
1328 3904 1333 3969 Ι
1358 3903 1422 3971 IIII]

197 3991 238 4044 ΙΙΙ
251 3992 294 4053 ΡΙ
310 4009 387 4046 crure
402 4010 451 4046 om.
467 3995 490 4046 S
502 3993 506 4060 Ι
523 3993 626 4048 claram
645 3994 658 4047 I
677 3996 700 4049 S
712 3991 716 4063 Ι
732 4011 834 4064 paruas
852 3994 943 4064 eapite
956 3997 991 4060 D,
1011 4011 1082 4050 corr.
1102 3998 1160 4049 eud.
1179 4013 1213 4048 m.
1230 3991 1235 4064 Ι
1250 3991 1310 4060 XV]
1329 3993 1354 4046 X
1368 3994 1423 4055 DS,

197 4083 244 4135 sed
261 4084 291 4134 in
310 4084 337 4135 D
356 4085 478 4150 sequetur
496 4101 608 4147 rasura,
627 4083 653 4138 V
672 4085 697 4136 P
717 4083 721 4149 Ι
749 4083 800 4138 XX
819 4091 843 4137 et
860 4102 964 4138 rasura
983 4087 1018 4150 D,
1036 4083 1104 4138 XIII
1122 4086 1147 4137 P

284 4171 318 4225 7.
336 4172 402 4225 Bas.
417 4190 467 4240 pp.
486 4172 529 4236 64,
548 4173 645 4226 6-12.
664 4173 725 4238 63,7
744 4172 749 4240 Ι
768 4173 862 4228 stellas
881 4191 930 4227 orn.
949 4177 977 4227 D
992 4170 997 4243 Ι
1013 4173 1058 4228 uel
1077 4201 1110 4210 —
1130 4171 1222 4240 labiis]
1243 4174 1277 4239 of.
1296 4173 1377 4240 Sana.
1391 4190 1422 4240 p.

197 4260 293 4327 mala
311 4258 341 4312 in
361 4262 477 4328 utroque
495 4261 571 4316 labio
600 4259 604 4330 Ι
633 4261 706 4316 binis
725 4261 776 4326 ΡΙ
802 4261 920 4330 XVIIII]
940 4263 1034 4318 XVIII
1052 4265 1074 4318 S
1095 4260 1099 4332 Ι
1128 4261 1175 4316 hio
1193 4262 1287 4316 autem
1306 4258 1368 4328 eqo]
1389 4263 1423 4328 cf.

196 4353 257 4404 init.
276 4352 330 4404 oeli.
350 4352 415 4404 Bos.
437 4349 441 4415 Ι
466 4350 608 4421 signorum
627 4369 676 4405 om.
695 4353 718 4404 S
739 4351 745 4419 Ι
769 4351 891 4421 partitus
909 4355 951 4407 est
969 4355 997 4406 D

284 4440 319 4494 8.
337 4438 445 4509 Bootes]
465 4442 499 4507 ef.
515 4442 581 4496 Bas.
592 4459 657 4510 paq.
672 4440 752 4507 6434
771 4442 852 4512 Saop.
871 4444 925 4496 seli.
944 4442 961 4496 8
979 4445 1039 4497 init.
1060 4448 1084 4494 et
1101 4444 1185 4494 inser.
1211 4435 1215 4507 Ι
1241 4437 1384 4492 arotofilax
1401 4441 1428 4492 P

196 4528 363 4598 artophylax
381 4531 408 4594 S,
428 4532 461 4597 cs.
483 4531 573 4586 Gerra
592 4549 618 4586 u.
638 4530 670 4584 91
697 4529 703 4597 Ι
728 4532 793 4584 Bau.
809 4549 840 4600 p.
855 4530 898 4595 65,
918 4530 986 4585 1-7
1012 4531 1017 4594 Ι
1041 4529 1153 4584 dextera
1172 4529 1199 4594 S,
1218 4529 1258 4581 eie
1276 4534 1301 4581 et
1318 4529 1397 4595 iufra
1417 4524 1420 4598 Ι

196 4617 333 4672 mamellis
352 4621 380 4672 D
397 4618 537 4675 mamillas
554 4622 577 4674 S
599 4622 603 4686 Ι
628 4619 743 4677 obseura
760 4621 788 4673 D
