3254 5040
664 289 877 384 „AL-

152 487 198 549 oil
219 487 346 549 duretur
374 485 415 548 ud
443 484 690 547 manducandum
719 480 851 564 egregie
879 480 1031 546 firmatur.
1078 479 1248 545 retinenda
1276 487 1385 545 autem

154 597 204 657 est
227 589 349 656 codicis
372 593 402 654 R
424 588 588 654 memoria.
622 607 693 653 cum
717 587 804 653 enim
826 587 1045 651 manducandi
1069 588 1202 652 uerbum
1225 606 1385 668 nusquam

153 697 243 783 apud
274 697 439 781 Hyginum
470 694 663 780 reperiatur,
696 697 851 759 comedere
883 700 915 758 et
946 715 978 778 p.
1005 697 1082 779 ,76,9
1116 694 1253 758 occurrit
1286 699 1316 758 et
1349 694 1382 756 in

155 803 270 869 eodem
297 803 359 868 hoc
387 802 550 868 enuntiato
583 800 694 885 paullo
724 799 809 865 infra
838 799 983 883 sequitur
1014 800 1131 884 (omniu
1158 802 1384 878 comederunt).

156 909 242 975 unde
257 909 356 975 ctiam
375 928 473 993 supra
488 907 602 973 eodem
617 927 710 972 usum
734 927 807 973 esse
821 906 985 991 Hyginum
1009 905 1106 971 facile
1121 906 1305 989 concludas,
1330 907 1384 989 qui

157 1016 244 1081 idem
267 1013 460 1080 uocabulum
483 1034 524 1080 ne
546 1014 695 1079 breuiore
720 1013 826 1098 spatio
849 1013 1016 1079 interiecto
1045 1012 1095 1078 bis
1119 1020 1228 1096 ponat,
1253 1013 1383 1078 minime

158 1128 254 1187 curet.
290 1127 461 1206 praeterea
488 1123 684 1202 manducare,
710 1140 783 1186 eum
805 1120 937 1203 uigente
960 1119 1073 1202 lingua
1101 1119 1203 1183 latina
1226 1119 1385 1203 peculiari

157 1228 254 1294 fuerit
276 1227 416 1311 notione,
441 1227 640 1293 senescentis
665 1225 793 1292 demum
816 1226 949 1308 linguae
973 1227 1113 1292 saeculis
1139 1226 1385 1291 usitatissimum

157 1333 249 1400 uerbi
282 1335 488 1410 (cormedeodr'
520 1333 591 1398 loeo
629 1333 729 1398 fuisse
763 1352 833 1397 cum
871 1332 945 1397 aliis
978 1333 1136 1417 exemplis
1170 1333 1385 1417 conprobatur

152 1447 220 1506 tum
252 1440 373 1523 linguis
403 1439 518 1505 Italica
547 1447 578 1506 et
607 1440 869 1522 Franoogallica‚
903 1440 935 1504 in
968 1440 1083 1522 quibus
1116 1439 1160 1504 ad
1187 1439 1272 1504 hunc
1300 1439 1385 1504 diem

158 1554 319 1612 seruatum
343 1547 434 1633 est).

246 1706 422 1772 Praeterea
455 1705 533 1789 quid
567 1705 692 1771 intersit
720 1705 803 1770 inter
825 1710 861 1770 X
886 1713 918 1770 et
946 1726 1003 1770 eas
1031 1726 1111 1787 quas
1141 1705 1265 1771 scholia
1293 1706 1385 1770 Basi-

155 1811 279 1878 leensia
303 1812 422 1877 habent
444 1812 611 1890 lectiones,
636 1813 819 1877 accuratius
839 1819 983 1877 statuere
1002 1833 1074 1876 cum
1093 1812 1221 1896 longius
1241 1820 1386 1878 anostra

155 1919 345 2000 quaestione
361 1919 454 2004 absit,
478 1918 522 1984 ad
544 1918 688 1984 codicum
704 1923 739 1983 X
742 1922 768 1982 Y
789 1919 978 1984 memoriam
993 1919 1075 1984 inter
1090 1939 1125 1983 se
1146 1919 1386 2003 conparandam

154 2025 336 2091 redeamus.
736 2039 739 2047 ’

246 2150 294 2215 Ae
329 2149 467 2234 primum
506 2149 635 2232 quidem
676 2149 865 2232 seligendae
908 2149 1058 2216 uidentur
1095 2170 1154 2214 eae
1194 2150 1315 2216 codicis
1360 2151 1387 2212 Υ

159 2256 325 2339 lectiones,
350 2276 435 2338 quae
454 2293 489 2303 -
508 2262 543 2320 ut
565 2258 746 2322 coinredum
770 2255 851 2321 illud
868 2294 905 2302 —
924 2255 1046 2322 codicis
1071 2277 1152 2340 esse,
1177 2278 1239 2320 non
1263 2257 1384 2340 Hygini

155 2362 252 2427 certis
275 2361 406 2427 indiciis
431 2362 507 2427 licet
530 2368 681 2428 statuere.

250 2483 288 2549 13
312 2486 353 2550 in.
376 2489 410 2550 io
432 2489 546 2551 macedo
570 2485 656 2569 quod
680 2507 738 2570 pro
761 2490 841 2551 iuter·
863 2496 949 2552 ostro
973 2487 1098 2553 scholia
1121 2488 1249 2570 habent,
1274 2508 1385 2570 quam-

155 2612 253 2674 quam
276 2590 391 2657 eodem
414 2612 512 2657 sensu
536 2592 697 2657 interdum
720 2599 893 2676 usurpatur
917 2614 979 2676 quo
994 2597 1074 2657 iuter·
1097 2603 1184 2659 osoo
1208 2594 1260 2657 nel
1283 2597 1386 2659 sideru

158 2695 208 2775 (cf.
232 2718 285 2782 pp.
308 2700 391 2782 32,6.
414 2701 499 2782 my.
523 2702 609 2778 48,6.
633 2702 730 2782 56,14
754 2703 794 2782 β),
827 2699 860 2762 in
894 2701 921 2761 Y
951 2718 991 2763 ex
1024 2719 1061 2763 eo
1095 2700 1150 2781 qui
1181 2700 1268 2783 apud
1301 2701 1385 2785 Hyg.

162 2803 328 2888 praecedit
362 2825 458 2871 uersu
495 2825 553 2889 per
592 2797 731 2871 errorem
768 2805 892 2869 librarii
929 2804 1057 2870 uidetur
1094 2805 1283 2890 inrepsisse,
1329 2808 1385 2871 ubi

158 2911 311 2995 seriptum
336 2918 385 2977 est
406 2915 439 2976 io
453 2915 567 2977 maudo
582 2911 781 2998 collooooitss).
818 2912 915 2976 simili
939 2932 1046 2976 errore
1068 2921 1180 2976 natum
1205 2918 1254 2977 est
1279 2912 1321 2974 10
1341 2915 1384 2979 20

146 3020 304 3100 figuratus
335 3038 394 3102 pro
427 3020 602 3101 collocutus,
640 3018 726 3102 quod
758 3020 790 3083 in
823 3019 945 3103 Hygini
978 3017 1106 3083 dicendi
1139 3039 1231 3083 usum
1265 3019 1386 3103 optime

156 3122 253 3208 cadit,
276 3124 310 3188 ni
333 3123 429 3188 fallor
451 3131 583 3209 propter
607 3125 641 3189 id
665 3125 750 3208 quod
775 3123 818 3211 (u.
849 3129 898 3203 19)
923 3124 1091 3208 praecedit
1106 3130 1279 3207 figor-otor,
1295 3163 1336 3172 —
1354 3133 1385 3191 et

156 3226 212 3295 38
237 3229 292 3295 ubi
314 3230 473 3295 uocabulo
497 3230 714 3315 praecedente
737 3255 846 3316 copore
868 3232 1073 3316 perturbatus
1096 3231 1246 3296 librarius
1263 3232 1385 3298 codicis

156 3336 223 3418 (uel
247 3335 432 3420 scholiasta,
457 3344 544 3402 certe
568 3337 656 3402 idem
679 3338 799 3403 liabent
817 3340 891 3420 AC)
915 3338 1003 3402 idem
1026 3339 1158 3402 uerbum
1181 3359 1239 3421 pro
1264 3348 1388 3423 captore

154 3570 264 3636 typum,
287 3583 321 3620 ex
339 3567 493 3621 sententiae
513 3585 616 3622 conexu
635 3568 665 3621 in
681 3572 768 3637 pontis
787 3569 911 3623 correxit.
949 3570 1023 3637 quod
1041 3569 1130 3638 igitur
1147 3569 1307 3638 Breysigius
1325 3587 1385 3638 pro-

153 3655 247 3724 posuit
270 3663 377 3710 exterce
395 3673 444 3724 pro
463 3661 562 3710 euteria
583 3686 614 3694 -
635 3660 677 3710 ‘ex
696 3657 815 3727 Hygino'
835 3658 926 3712 nescio
947 3675 1002 3725 quo
1021 3675 1110 3712 errore
1133 3658 1231 3711 duetus
1255 3659 1334 3712 addit
1355 3688 1386 3696 -

156 3743 332 3799 abiciendum
350 3746 399 3798 est.

247 3831 271 3899 ⁶)
298 3834 332 3887 cf.
365 3834 484 3902 Georges
517 3834 647 3887 Bursians
679 3834 885 3889 Jahresbericht
917 3835 951 3888 28
984 3852 1049 3903 pag.
1082 3836 1143 3888 262.
1190 3835 1318 3889 Wolfflin
1352 3837 1387 3889 N.

154 3921 223 3974 Mus.
243 3922 295 3974 Rh.
315 3922 349 3974 37
369 3940 394 3990 p.
417 3923 476 3977 103.
497 3951 529 3960 -
550 3923 620 3976 addo
648 3924 746 3988 locum,
776 3924 825 3991 qui
853 3942 918 3977 casu
945 3923 1015 3976 mihi
1043 3940 1071 3977 se
1098 3924 1209 3988 obtulit,
1239 3925 1329 3978 Bedae
1357 3926 1387 3978 in

156 4009 344 4065 Hexaemeron
367 4011 469 4064 librol
494 4012 599 4080 (Migne
617 4015 637 4066 t.
657 4013 684 4064 Il
703 4013 753 4066 col.
774 4013 818 4077 58)
842 4013 898 4080 qui,
924 4030 985 4066 cum
1010 4012 1040 4065 in
1059 4013 1171 4066 Genesis
1191 4015 1248 4066 cil
1273 4015 1388 4067 uerbum

155 4098 314 4153 comedendi
333 4099 370 4153 sit
389 4099 555 4165 adhibitum,
574 4102 604 4154 in
619 4101 824 4155 commentariis
843 4119 910 4169 quos
929 4102 987 4170 ipse
1006 4101 1151 4170 subiungit
1169 4103 1252 4156 uerbo
1271 4103 1387 4156 mandu-

157 4187 238 4240 candi
257 4187 354 4241 utitur.

248 4290 270 4354 6)
289 4293 365 4348 Haeo
379 4294 452 4348 enim
467 4295 550 4349 lectio
564 4296 683 4364 uulgata
693 4276 726 4350 ex
736 4296 873 4350 codicibus
887 4297 943 4351 fere
958 4296 1085 4350 omnibus
1098 4296 1272 4350 restituenda
1285 4300 1326 4351 est
1340 4315 1389 4365 pro

156 4382 303 4436 Bnnteana
326 4385 433 4451 locauit,
462 4383 511 4450 qui
536 4383 641 4437 codices
666 4386 724 4438 DN
748 4402 776 4438 se
804 4385 881 4452 sequi
909 4388 1038 4439 testatur.
1075 4385 1122 4439 sed
1145 4387 1176 4438 N
1195 4384 1263 4453 qnid
1286 4386 1389 4441 habeat

155 4470 227 4524 nihil
253 4470 376 4537 interest,
399 4471 430 4525 in
449 4474 475 4526 D
502 4489 600 4525 manus
621 4474 740 4527 secunda
767 4474 841 4527 uocis
866 4477 1006 4528 collucescit
1029 4474 1147 4542 primam
1176 4473 1314 4542 syllabam
1342 4492 1388 4528 ex·

154 4559 263 4630 punxit.
771 4567 777 4580 '
