3254 5040
705 298 917 400 Q-

200 496 265 562 sint
286 493 365 561 fidei
388 496 546 580 quamdi,
570 494 709 562 sortasse
733 495 831 560 etiam
854 494 949 562 huius
972 494 1063 561 uocis
1087 492 1208 562 formas
1231 516 1370 580 graecas
1393 503 1422 564 et

199 602 319 668 latinas
342 602 522 688 promiscue
546 602 588 668 ab
612 602 741 686 Hygino
764 608 939 687 usurpatas
963 623 1036 668 esse
1059 602 1170 668 licebit
1191 609 1346 672 statuere.

287 710 331 776 Ut
360 709 472 775 horum
504 708 732 775 uocabulorum
770 729 907 793 graecas
941 707 1060 775 formas
1092 710 1264 778 nonnullas
1295 717 1424 797 praeter

197 816 318 883 latinas
333 816 432 882 etiam
454 816 590 900 uulgata
613 816 768 882 memoria
792 816 945 902 seruauit,
969 816 1016 882 sic
1040 837 1159 902 earum,
1183 819 1336 902 aquibus
1360 819 1423 885 orsi

198 945 317 1010 samus,
342 945 455 990 uocum
478 927 606 989 arcticos
630 930 663 989 et
685 927 867 990 antarcticos
890 923 1022 1008 scholia,
1049 931 1206 1010 utsupra
1234 925 1422 1010 monuimus,

197 1030 250 1097 uel
272 1030 382 1116 plures
406 1050 542 1114 graecas
566 1028 685 1096 formas
709 1030 912 1095 tradiderunt
935 1051 1030 1114 quam
1054 1034 1090 1095 X
1110 1031 1239 1097 uidetur
1260 1031 1423 1117 habuisse,

197 1136 251 1220 qui
275 1138 307 1201 in
330 1137 452 1222 Hygini
479 1143 573 1222 parte
596 1158 617 1202 a
641 1137 774 1204 scholiis
803 1137 913 1203 aliena
937 1157 1075 1221 graecas
1099 1144 1132 1202 et
1153 1137 1274 1205 latinas
1303 1139 1422 1205 formas

197 1243 379 1329 promiscue
395 1244 546 1310 seruauit.
582 1244 637 1310 ubi
652 1244 792 1329 quinque
808 1244 920 1310 circuli
944 1251 1169 1310 enumerantur
1183 1253 1228 1330 (p.
1241 1248 1284 1311 24
1295 1245 1367 1334 sq),
1390 1250 1423 1310 at

196 1350 374 1416 mediorum
397 1351 491 1415 trium
509 1351 556 1416 ita
570 1350 682 1417 horum
706 1351 840 1417 duorum
863 1371 983 1435 graeca
1006 1351 1137 1416 nomina
1161 1373 1233 1418 eum
1246 1372 1422 1437 usurpasse

196 1459 261 1522 iam
285 1456 433 1525 diximus.
479 1457 635 1543 similiter,
663 1459 717 1524 ubi
746 1457 787 1523 de
815 1457 867 1523 his
899 1458 1028 1524 circulis
1061 1456 1223 1542 agendum
1256 1459 1320 1526 sibi
1351 1479 1422 1545 pro-

196 1565 295 1650 ponit,
319 1565 410 1630 initio
433 1565 507 1629 libri
531 1565 637 1648 quarti
660 1586 690 1650 p.
708 1568 804 1650 98‚19
829 1571 906 1650 etp.
926 1568 1041 1650 1043?
1066 1565 1130 1645 (hie
1154 1567 1278 1631 tertius.
1292 1565 1423 1631 additur

197 1675 317 1754 lactans,
344 1671 434 1738 cuias
458 1672 576 1755 ubique
599 1672 660 1738 hoc
683 1692 799 1737 nomen
821 1671 957 1737 latinum
980 1679 1030 1737 est
1051 1675 1264 1758 usurpatam),
1293 1677 1423 1739 arcticos

197 1786 230 1844 et
261 1783 444 1846 antarcticos
476 1778 659 1846 laudantur.
706 1778 792 1844 adde
819 1801 851 1864 p.
880 1781 972 1864 103,9
1005 1782 1047 1844 ad
1074 1782 1178 1846 orbern
1210 1783 1264 1864 qni
1294 1784 1423 1847 arcticos

195 1897 333 1968 necator,
357 1909 389 1972 p.
406 1889 501 1971 2137
517 1890 585 1970 fine
608 1889 713 1951 arctici
735 1888 842 1951 circuli
864 1895 892 1950 et
915 1889 980 1950 aas
1002 1889 1054 1970 qai
1076 1891 1260 1953 antarcticos
1282 1899 1421 1968 coeatur,

196 2015 226 2078 p.
251 1997 324 2078 253
353 1996 499 2057 circatam
527 2015 614 2077 quern
643 1996 778 2058 arcticon
805 2015 901 2078 snpra
929 1995 1123 2076 definierimus
1152 1994 1331 2078 (praecedit
1358 2001 1423 2059 ant·

196 2099 347 2186 creticos),
370 2122 401 2184 p.
420 2103 536 2180 lotan
552 2101 706 2182 Arcticon,
730 2121 788 2186 pro
813 2121 875 2184 quo
890 2100 1068 2166 Rursianus
1092 2121 1132 2166 ex
1147 2103 1177 2164 R
1200 2105 1422 2181 (antarcticum)

197 2207 327 2292 scripsit
350 2211 505 2289 arcticon,
531 2207 589 2274 sed
611 2207 797 2273 memineris
821 2228 942 2290 quaeso
967 2228 1064 2290 qnam
1088 2208 1231 2291 grauiter
1249 2209 1304 2273 1110
1320 2207 1423 2272 codex

196 2313 378 2380 huiusmodi
410 2314 640 2380 mutationibus
675 2314 718 2380 sit
750 2313 897 2381 infectus.
946 2314 1045 2379 etiam
1077 2335 1152 2399 pag.
1187 2317 1283 2393 105‚4
1316 2335 1356 2379 ex
1389 2316 1427 2377 M

197 2421 346 2504 (eundem
371 2442 442 2487 cum
466 2421 597 2487 scholiis
622 2422 753 2506 saepius
784 2441 936 2505 graecam
964 2420 1099 2486 formam
1128 2421 1300 2487 retinuisse
1324 2441 1423 2506 supra

196 2527 434 2610 adnotauimus)
459 2532 648 2594 antarcticos
673 2529 815 2595 scribere
837 2528 949 2593 malim
972 2548 1069 2611 quam
1083 2532 1292 2593 antarcticum.
1330 2548 1423 2612 prae-

196 2641 285 2700 terea
307 2656 384 2721 pag.
412 2639 526 2721 roam
551 2656 662 2702 omnes
686 2636 817 2702 codices
845 2635 965 2701 hahent
992 2640 1127 2701 arcticon
1150 2644 1238 2701 entra
1262 2637 1421 2716 circatam,

195 2764 225 2828 p.
241 2745 337 2822 8226
362 2745 439 2807 dnos
462 2746 599 2829 circatas,
623 2747 759 2809 arcticon
783 2745 860 2824 (-nrn
886 2742 963 2810 dett.
988 2745 1019 2827 β)
1043 2752 1072 2808 ct
1094 2746 1253 2824 centicano,
1277 2763 1309 2826 p.
1326 2745 1422 2826 8425

196 2849 318 2916 formae
341 2853 469 2916 arcticos
494 2854 576 2929 (circ.
601 2854 653 2936 qni
675 2874 703 2916 a.
727 2851 809 2932 nac.)
834 2850 922 2918 solus
946 2853 975 2914 R
999 2856 1042 2928 (et
1064 2851 1125 2931 D2)
1150 2851 1267 2915 obstat.
1311 2854 1422 2913 contra

196 2957 314 3022 ibidem
346 2978 375 3021 u.
413 2962 425 3022 l
466 2964 498 3022 et
533 2978 609 3044 pag.
649 2960 721 3042 dh?
755 2961 825 3023 circ.
864 2961 915 3042 qni
950 2961 1082 3022 arcticus
1117 2965 1247 3023 necator
1283 2957 1421 3038 (dicitnr)

196 3085 354 3130 consensu
397 3064 543 3130 codicum
588 3064 742 3130 traditam
782 3071 840 3130 est.
906 3064 1004 3130 etiam
1044 3064 1160 3130 ceteris
1202 3062 1318 3145 quibus
1358 3061 1422 3126 hae

195 3191 292 3238 uoces
325 3176 416 3235 extra
454 3171 647 3237 scholiorum
683 3176 809 3256 partem
843 3175 1011 3235 occurrunt
1047 3169 1304 3252 quattuordecim
1340 3168 1421 3234 locis

195 3277 317 3342 latinae
341 3274 547 3363 (accusatiui)
577 3277 700 3343 formae
730 3284 804 3342 sunt
832 3284 992 3362 seruatae,
1021 3297 1091 3340 oum
1116 3298 1156 3341 ex
1180 3283 1304 3361 septem
1331 3275 1421 3359 locis,

195 3384 250 3466 qui
275 3382 466 3450 scholiorum
492 3390 523 3450 et
547 3383 668 3449 codicis
691 3387 727 3448 X
748 3384 906 3449 communi
930 3384 1086 3448 memoria
1110 3383 1220 3449 traditi
1246 3389 1328 3466 sunt,
1358 3402 1421 3446 uno

195 3491 266 3556 1000
290 3491 409 3556 latinus
438 3511 504 3557 aee.
534 3490 728 3556 scholiorum
756 3491 948 3555 auctoritate
977 3490 1127 3573 firmetur,
1156 3489 1273 3555 ceteris
1302 3509 1421 3572 graeca

195 3599 297 3662 forma
312 3604 418 3663 exstet
435 3599 486 3664 bis
501 3597 614 3664 codice
627 3600 659 3661 D
674 3604 706 3663 et
721 3597 887 3663 codicibus
901 3599 989 3660 D1M
1006 3596 1271 3664 adsentientibus.
1309 3596 1421 3678 itaque

194 3705 247 3768 ubi
266 3704 396 3771 scholiis
412 3712 487 3771 sunt
501 3711 660 3789 seruatae,
681 3725 820 3788 graecae
836 3703 959 3769 formae
973 3703 1162 3769 retinendae
1178 3715 1277 3779 erunt,
1303 3702 1420 3767 ceteris

194 3803 276 3876 loeis
303 3812 447 3896 singulis,
476 3818 580 3876 utrum
608 3810 744 3877 eaedem
773 3811 837 3876 sint
865 3809 1085 3875 restituendae
1114 3830 1223 3893 necne,
1251 3810 1284 3873 in
1312 3808 1420 3874 medio

194 3917 438 4000 relinquendum
467 3925 525 3985 est.
571 3919 632 3984 hoe
661 3918 764 3984 solum
792 3918 891 3984 statui
919 3917 1047 3983 uidetur
1074 3937 1172 4002 posse
1196 3914 1360 4001 Hyginum
1388 3923 1420 3982 et

195 4025 323 4109 graecis
347 4031 379 4090 et
395 4024 507 4091 latinis
530 4024 643 4090 harum
667 4046 781 4091 uocum
805 4023 914 4090 formis
937 4045 1032 4090 usum
1055 4044 1136 4106 esse,
1161 4024 1231 4090 scil.
1247 4030 1420 4107 postquam

195 4152 332 4215 graecas
360 4132 490 4217 recepit,
519 4152 591 4197 cum
615 4133 746 4217 saepius
769 4132 810 4197 iis
835 4137 921 4197 esset
948 4129 1115 4196 utendam:
1146 4150 1242 4195 casus
1270 4130 1419 4212 obliquos

194 4239 295 4305 latine
324 4237 462 4323 flexisse,
490 4239 721 4304 nominatiuum
746 4245 778 4304 et
806 4237 1027 4303 accusatiuam
1056 4244 1088 4303 et
1111 4256 1229 4320 graece
1257 4243 1289 4302 et
1317 4237 1419 4301 latine

196 4346 375 4430 promiscae
398 4343 600 4411 formanisse.

283 4469 305 4534 t
329 4474 348 4536 9
372 4468 573 4550 Gorgonum
598 4468 629 4536 h.
654 4468 674 4534 l.
698 4475 730 4533 et
752 4467 837 4534 infra
860 4489 889 4533 u.
916 4471 955 4535 16
979 4467 1102 4534 scholia
1125 4468 1245 4535 habent
1267 4469 1417 4552 idemque

193 4579 300 4665 priore
323 4578 393 4644 1000
408 4579 466 4665 D¹,
490 4577 593 4644 altera
612 4578 681 4662 Dlt,
707 4577 852 4660 0019000
875 4574 982 4660 ceteri,
1005 4595 1138 4659 qnorum
1160 4576 1243 4642 ratio
1266 4574 1418 4642 habenda
