3528 5232
843 406 943 473 LXVl

283 605 337 690 qui
361 603 482 671 codicis
498 602 602 688 Lugd.
616 603 651 668 B.
675 601 852 687 imaginem
876 600 966 688 apud
990 601 1134 668 Grotium
1158 620 1345 686 expressam
1369 601 1507 668 conferri

283 713 412 795 iubet¹).
1207 782 1213 792 ¹

325 839 330 854 ·
372 812 415 883 24
434 823 454 885 6
477 817 639 901 spectans
662 814 706 881 ad
725 832 884 882 occasum
909 815 951 879 nt
971 814 1067 879 iuter
1091 813 1257 880 Geminos
1278 814 1315 878 ct
1334 812 1507 879 Cancrum

283 925 502 992 constitutus
526 924 681 989 uidetur.
726 923 809 989 haec
832 924 960 989 uberior
983 923 1177 989 scholiorum
1199 927 1355 988 memoria
1378 922 1507 1006 Hygino

282 1033 450 1099 reddenda
467 1040 523 1100 est.
561 1032 721 1118 particula
744 1032 793 1116 ut,
818 1032 958 1114 quaein
971 1029 1134 1097 nonnullis
1157 1029 1322 1096 codicibus
1337 1029 1507 1115 intercidit,

283 1143 319 1204 X
342 1161 405 1206 non
433 1140 552 1217 caruit,
583 1145 614 1205 ct
640 1145 727 1204 recte
755 1137 892 1221 quidem.
939 1158 1013 1202 nam
1040 1137 1121 1204 haec
1149 1137 1245 1202 lectio
1275 1157 1406 1223 prorsus
1435 1157 1507 1202 con·

284 1247 382 1313 sentit
405 1267 477 1312 cum
500 1246 622 1331 Hygini
651 1244 893 1329 consuetudine,
922 1245 976 1328 qui
1000 1243 1058 1310 illa
1082 1264 1170 1328 uoce,
1199 1245 1295 1310 etiam
1319 1244 1375 1309 ubi
1402 1243 1507 1308 minus

282 1354 470 1421 necessaria
492 1354 585 1419 nobis
608 1351 744 1437 uidetur,
777 1352 966 1437 saepissime
990 1352 1098 1420 utitur.
1146 1357 1178 1418 et
1201 1372 1273 1417 cum
1297 1352 1360 1415 iam
1383 1351 1417 1415 in
1440 1351 1508 1416 uul-

283 1471 362 1545 gata
391 1467 526 1546 ‘spectat
553 1460 596 1525 ad
625 1480 690 1528 occ.
718 1469 753 1525 ut
781 1513 787 1528 .
819 1511 825 1525 .
856 1459 1057 1525 constitutus’
1092 1466 1203 1544 aptum
1234 1444 1315 1523 haec
1347 1456 1508 1544 particula

283 1569 436 1634 exhibeat
460 1589 598 1653 sensum,
622 1568 753 1650 egregie
777 1566 983 1632 confirmatur
1002 1587 1042 1631 ea
1056 1586 1152 1650 quam
1174 1587 1213 1631 ex
1234 1564 1366 1632 scholiis
1389 1564 1508 1650 protuli

284 1676 433 1742 lectione.

373 1779 414 1844 ab
449 1786 465 1847 l
502 1779 689 1845 Phaethon
721 1782 794 1844 XY.
851 1780 910 1846 sed
946 1787 1033 1846 recte
1070 1783 1086 1864 β
1124 1800 1163 1845 ex
1201 1780 1332 1846 scholiis
1369 1763 1507 1862 Sangerss

282 1889 489 1955 manensibus
519 1890 561 1968 (ιι.
588 1887 686 1970 infra)
714 1887 856 1953 restituit
882 1889 1041 1968 Phocaea,
1071 1887 1110 1953 cf.
1137 1908 1166 1952 ιι.
1197 1891 1214 1952 7
1243 1889 1422 1952 Phocaeam
1448 1905 1507 1970 pro

283 1999 485 2062 Phaethonta.
531 2015 606 2059 nam
621 1994 915 2060 PhoetboatoSolis
938 1994 990 2060 uel
1007 1994 1136 2059 Saturni
1162 1994 1289 2061 stellam
1312 1995 1354 2059 ab
1378 1992 1507 2078 Hygino

284 2103 483 2167 nominatam
508 2122 589 2186 esse,
617 2101 705 2167 louis
729 2099 770 2165 de
794 2122 858 2185 qua
881 2101 989 2185 agitur
1011 2101 1210 2186 Phaenonm,
1239 2107 1272 2166 et
1295 2099 1451 2185 epitomes
1476 2107 1509 2165 et

284 2209 476 2276 scholiorum
491 2209 566 2275 Bas.
590 2228 749 2274 consensu
773 2207 916 2273 firmatur
936 2215 968 2272 et
982 2215 1058 2272 nota
1081 2207 1139 2273 illa
1153 2207 1364 2272 Phaethontis
1388 2206 1508 2291 fabula,

285 2336 369 2401 quae
393 2315 434 2381 de
450 2316 580 2381 Saturni
603 2315 655 2381 uel
671 2315 757 2381 Solis
781 2315 877 2380 stella
894 2335 934 2379 cx
947 2314 1306 2380 Pseudo-Eratosthene
1321 2315 1362 2378 ab
1377 2315 1508 2398 Hygino

284 2430 442 2489 narratur.
503 2422 560 2489 sed
598 2429 727 2488 exstant
762 2422 795 2486 in
831 2421 993 2486 nonnullis
1031 2421 1197 2487 codicibus
1235 2421 1376 2505 uestigia
1412 2421 1507 2486 inter-

283 2531 469 2617 polationis,
494 2551 567 2616 qua,
592 2551 662 2596 cum
680 2529 798 2616 prioris
823 2529 940 2596 sideris
963 2548 1079 2595 nomen
1093 2528 1262 2594 Phaethon
1285 2529 1319 2593 in
1342 2527 1508 2594 codicibus

285 2644 381 2723 esset,
406 2637 535 2702 Saturni
559 2637 674 2703 stellae
689 2625 887 2703 Phaenontis
911 2656 1026 2701 nomen
1051 2635 1189 2701 daretur.
1236 2636 1273 2700 cf.
1298 2657 1328 2700 ιι.
1356 2638 1397 2702 10
1412 2637 1508 2716 (DR).

285 2747 488 2830 desumptum
511 2752 619 2811 autem
648 2751 698 2810 est
720 2743 782 2809 hoc
805 2763 920 2808 nomen
948 2743 1087 2809 fortasse
1116 2763 1155 2808 ex
1183 2743 1342 2808 Martiano
1373 2742 1508 2828 Capella

286 2852 376 2924 (VIII
400 2855 473 2936 851,
497 2873 527 2937 p.
552 2854 667 2936 315‚21
693 2851 795 2936 Eyss,
819 2849 858 2917 cf.
884 2849 950 2916 Oic.
975 2857 1040 2916 nat.
1064 2850 1150 2915 deor.
1175 2851 1295 2929 1152).

376 2958 419 3023 25
445 2965 460 3025 1
487 2980 557 3044 sqq.
605 2957 647 3021 do
670 2975 739 3039 qua
762 2955 970 3022 Heraclides
992 2955 1032 3021 P.
1056 2954 1195 3022 scribit.
1241 2957 1294 3020 ait
1321 2956 1415 3021 enim
1439 2975 1509 3038 quo

284 3069 446 3148 tempore
472 3065 710 3132 Prometheus
742 3064 906 3130 homines
934 3062 1085 3128 flnxcrit
1112 3063 1150 3126 in
1178 3061 1236 3128 his
1264 3063 1302 3128 et
1330 3079 1409 3129 cum
1439 3085 1507 3149 eqs.

286 3177 334 3242 sic
357 3174 525 3240 molestum
552 3173 633 3238 illud
658 3192 759 3256 vquem¹
778 3176 881 3256 (mom
903 3174 964 3253 θ’)
989 3174 1028 3237 Η.
1052 3174 1087 3235 Ρ.
1112 3175 1156 3237 cit
1180 3223 1186 3235 .
1213 3223 1220 3235 .
1247 3223 1253 3235 .
1277 3175 1357 3236 bccc
1378 3171 1509 3238 tollitur.

286 3281 373 3367 quod
393 3301 469 3346 uero
493 3281 631 3365 primum
654 3278 697 3342 de
720 3296 788 3359 qua
812 3287 862 3346 est
886 3280 1014 3364 dictum,
1038 3285 1106 3358 tum
1128 3278 1341 3344 masculinum
1365 3279 1510 3363 sequitur

286 3405 380 3468 cum,
413 3387 533 3473 optime
561 3384 700 3470 quadrat
726 3386 760 3450 in
787 3386 957 3451 masculini
985 3393 1018 3452 et
1045 3385 1188 3451 feminini
1215 3386 1438 3472 pronominum
1464 3385 1510 3450 ad

286 3494 399 3562 stellas
433 3501 464 3559 et
494 3494 625 3558 nomina
657 3513 765 3558 earum
799 3493 1026 3578 pertinentium
1053 3492 1086 3557 in
1115 3493 1177 3558 hoc
1211 3493 1319 3579 capite
1350 3515 1420 3561 usu.
1467 3493 1508 3559 de

286 3604 360 3688 ipsa
384 3601 467 3666 enim
493 3601 588 3667 stella
611 3600 665 3665 ubi
690 3600 813 3685 dicitur,
842 3599 1029 3666 femininum
1052 3606 1102 3665 est
1124 3598 1273 3685 positum,
1296 3599 1350 3667 ubi
1374 3600 1416 3666 de
1440 3601 1509 3667 eius

285 3716 321 3776 ut
344 3709 389 3774 ita
412 3707 518 3773 dicam
542 3727 709 3793 eponymo‚
737 3706 958 3773 masculinum.
998 3707 1060 3772 hoc
1082 3707 1181 3791 igitur
1203 3707 1275 3772 loco
1293 3711 1401 3792 primo
1423 3710 1510 3774 stello

284 3825 328 3882 est
353 3868 359 3881 .
386 3868 392 3880 .
418 3819 455 3881 dc
477 3837 546 3901 quc.
594 3822 661 3880 tum
689 3815 743 3880 ubi
771 3813 812 3880 de
840 3814 1027 3880 Phaenonte
1054 3814 1269 3900 pulcherrimo
1297 3814 1353 3882 illo
1381 3815 1509 3883 homine

285 3924 428 3991 fabulam
457 3930 506 3988 est
534 3929 731 4007 narraturus,
760 3923 867 4007 pergit
893 3926 927 3987 ia
953 3926 999 3988 his
1023 3932 1052 3987 et
1073 3945 1152 3989 eum.
1205 3922 1245 3989 de
1273 3923 1386 4007 quinta
1413 3924 1509 3990 stella

284 4038 409 4098 tantum
433 4038 468 4095 ut
491 4029 532 4094 de
560 4030 655 4096 stella
682 4030 798 4114 agitur,
826 4050 890 4094 non
913 4028 1119 4126 de'homine.
1164 4029 1251 4095 idem
1274 4038 1324 4096 est
1347 4052 1376 4097 u.
1401 4034 1430 4097 9.
1456 4033 1508 4098 10.

378 4244 397 4312 ¹)
416 4245 449 4298 In
473 4244 532 4313 ipso
555 4245 581 4295 A
604 4261 653 4297 ara
676 4243 839 4312 quadratam
863 4243 948 4298 habet
970 4244 1095 4310 formam,
1118 4245 1216 4300 sedin
1238 4245 1320 4314 globo
1343 4245 1510 4299 Famesiano

289 4337 408 4406 figuram
426 4333 540 4403 praebet
558 4331 701 4387 columnae
719 4333 827 4388 ambitu
846 4351 953 4386 sursum
972 4336 1116 4388 crescente.
1153 4334 1187 4388 cf.
1205 4335 1274 4388 Mus.
1298 4334 1412 4388 Borbon.
1431 4335 1457 4389 V
1476 4335 1511 4388 52

286 4447 316 4472 =
338 4424 510 4477 Baumeister
527 4421 644 4475 Denlrm.
663 4421 688 4474 d.
708 4423 784 4477 class.
805 4422 923 4477 Altcrth.
942 4423 956 4476 I
974 4439 1038 4492 pag.
1057 4422 1110 4476 225
1128 4423 1174 4493 fig.
1195 4424 1259 4488 175;
1278 4423 1374 4478 cadom
1393 4424 1511 4493 sphaera

285 4515 320 4569 ad
343 4512 445 4567 calcem
467 4511 578 4565 Manilii
601 4511 636 4564 ab
659 4511 708 4567 los.
734 4511 838 4565 Merlrcl
863 4512 935 4565 uersi
959 4512 1023 4576 (Des
1045 4513 1082 4566 Μ.
1107 4513 1181 4565 Man.
1204 4512 1425 4582 Himmelslrugel
1449 4555 1455 4567 .
1475 4554 1508 4567 ..

284 4603 421 4656 bbcrsetzt
440 4640 446 4652 .
466 4640 472 4652 .
491 4617 545 4653 von
563 4600 614 4654 Ios.
633 4601 746 4666 Merkel,
766 4599 983 4670 Aschaffenburg
999 4601 1065 4655 1857
1085 4601 1125 4655 ed.
1146 4601 1174 4669 2)
1192 4601 1303 4670 depicta
1321 4604 1370 4656 est.
1392 4630 1423 4640 -
1442 4619 1511 4655 num

284 4690 372 4760 ipsius
390 4688 470 4742 Arati
489 4688 573 4743 uerba
596 4685 706 4739 δινωιοῐο
725 4685 849 4759 Θυτηρὶοιι
868 4688 904 4756 (ιι.
924 4689 990 4756 439)
1013 4690 1042 4744 in
1065 4690 1181 4745 candem
1199 4691 1366 4746 sententiam
1388 4691 1510 4746 oadunffi
