3254 5040
789 326 830 389 41

199 519 333 602 Hygino
358 518 491 585 deberet
506 518 682 601 desumere,
706 518 776 584 eius
799 524 924 583 tantum
942 517 1034 591 cuius
1057 519 1144 602 prior
1161 518 1249 603 apud
1263 519 1429 603 Hyginum

195 625 234 689 111
265 626 385 692 mantio
422 646 588 691 numerum
625 632 660 689 ut
696 625 881 690 uniuersum
918 624 1074 690 adiunxit.
1128 625 1313 691 huiusmodi
1348 646 1425 691 uero

196 732 428 815 neglegentiae
468 731 522 797 uel
563 751 706 796 errorum
747 731 896 816 exempla
936 732 1030 816 plura
1071 732 1105 795 in
1147 752 1185 796 60
1229 731 1427 816 deprehendi

201 842 243 917 (u.
276 838 374 925 infra)
407 859 499 904 nemo
532 838 708 904 mirabitur.
762 845 874 902 contra
910 839 1021 922 paullo
1058 846 1135 904 ante
1173 838 1270 904 finem
1306 840 1425 904 rectius

196 945 317 1010 omittit
339 948 377 1011 ob
399 946 516 1010 Arietrb
537 947 618 1029 pede
639 948 752 1036 patruo.
798 964 904 1028 neque
934 952 1083 1027 quartum
1111 945 1265 1030 scholion,
1294 944 1335 1011 de
1363 965 1426 1028 quo

198 1059 232 1117 et
245 1053 316 1136 ipso
331 1053 391 1118 Ab
412 1053 624 1136 consentiunt,
648 1051 804 1117 habemus
828 1071 885 1116 cur
898 1051 1022 1116 librarii
1037 1052 1133 1136 culpa
1156 1052 1339 1116 mutilatum
1353 1072 1426 1117 esse

196 1161 408 1244 suspicemur.
467 1179 542 1223 nam
578 1158 658 1224 libri·
689 1157 823 1223 secundi
864 1159 971 1242 capite
1011 1178 1116 1243 paene
1153 1164 1219 1223 toto
1264 1159 1426 1244 exscripto

200 1301 240 1311 —
266 1266 422 1330 omittitur
445 1286 484 1330 ea
508 1285 593 1348 quae
616 1264 660 1328 ad
683 1264 780 1329 linem
803 1263 892 1349 apud
915 1265 1078 1348 Hyginum
1102 1264 1233 1329 additur
1255 1264 1427 1330 Euhemeri

196 1373 362 1437 sententia
391 1379 423 1438 et
447 1380 523 1437 ante
552 1391 623 1436 eam
651 1372 776 1454 integro
804 1391 902 1437 sensu
928 1375 1117 1438 conlocutum
1140 1373 1294 1438 -tertii
1322 1371 1428 1457 prima

199 1484 325 1542 tantum
354 1480 455 1543 uerba
483 1477 524 1543 de
553 1478 617 1544 situ
646 1477 758 1543 Persei
787 1477 963 1562 adduntur,
994 1499 1099 1561 neque
1129 1499 1285 1544 conexum
1318 1498 1428 1543 eorum

197 1585 315 1668 turbat,
353 1584 439 1667 quod
471 1609 491 1651 o
522 1588 639 1668 reliquo
675 1605 803 1668 corpore
833 1585 867 1648 in
899 1585 959 1650 Ac
994 1584 1094 1650 dcest.
1150 1584 1288 1668 denique
1321 1606 1348 1650 c.
1387 1583 1427 1647 19

196 1698 355 1772 quantum
386 1692 474 1757 tertii
500 1691 573 1756 libri
601 1691 745 1757 omiserit
775 1690 962 1775 scholiasta,
994 1698 1149 1774 quantum
1171 1691 1210 1775 A,
1242 1691 1427 1774 ambiguum

200 1803 257 1862 est.
303 1818 377 1862 nam
406 1816 599 1881 quamquam
628 1803 772 1862 extrema
798 1799 899 1863 uerba
926 1801 1016 1862 boios
1039 1801 1262 1881 fipuruttoncm
1288 1800 1427 1863 htamob's

195 1907 330 1968 circulos
352 1907 463 1969 diuidit
485 1924 584 1970 sensu
606 1924 670 1968 non
694 1910 805 1969 carent
829 1911 861 1969 et
884 1904 1051 1970 stellarum
1075 1924 1199 1969 summa
1220 1905 1267 1969 eis
1283 1903 1425 1982 additur,

198 2017 306 2076 tamen
352 2017 454 2076 restat
504 2009 647 2095 suspicio
697 2010 821 2076 librarii
867 2011 964 2095 culpa
1008 2011 1163 2075 nonnulla
1213 2009 1426 2096 intercidisse.

198 2117 347 2183 similiter
378 2119 412 2182 in
444 2117 510 2183 sch.
543 2117 560 2180 7
593 2118 708 2201 paucis
741 2117 849 2182 uerbis
882 2137 922 2182 ex
954 2117 1062 2183 medio
1095 2118 1181 2182 tertii
1213 2117 1287 2182 libri
1319 2118 1427 2202 capite

196 2222 399 2308 depromptis
414 2261 455 2270 —
470 2244 529 2308 pro
543 2227 723 2308 nominauit,
747 2222 833 2306 quod
848 2223 983 2289 secundi
1006 2224 1080 2290 libri
1095 2224 1226 2290 fabulae
1251 2231 1428 2289 extremum

196 2337 249 2395 est
272 2331 413 2414 uerbum,
442 2330 621 2405 scholiasta
649 2330 830 2396 breuiorem
853 2349 967 2396 uocem
995 2333 1068 2396 dicit
1095 2332 1141 2408 (in
1164 2332 1194 2395 A
1218 2330 1426 2411 euanidamll

199 2435 328 2502 uidetur
356 2437 529 2521 scripsisse
552 2472 594 2482 —
619 2457 744 2502 summa
768 2437 935 2502 stellarum
958 2437 1154 2519 adiungitur.
1207 2437 1266 2503 sed
1294 2438 1426 2502 librario

197 2543 404 2608 tribuendum
427 2543 563 2626 uidetur,
597 2542 683 2626 quod
709 2540 752 2605 10
775 2550 808 2608 61
831 2541 873 2606 22
897 2543 931 2607 111
953 2542 1060 2609 medio
1085 2544 1236 2627 catalogo
1261 2544 1427 2609 stellarum

200 2649 345 2714 scholion
377 2649 505 2715 desinit.
559 2670 634 2714 nam
667 2670 739 2714 cum
776 2649 911 2714 secundi
947 2649 1022 2715 libri
1059 2657 1157 2734 caput
1192 2651 1352 2732 integrum
1385 2651 1428 2716 sit

200 2756 454 2840 transscriptum,
469 2756 567 2820 etiam
577 2755 664 2821 tertii
674 2762 775 2819 totum
786 2775 826 2820 ex
836 2755 965 2839 Hygino
981 2754 1204 2840 desumpsisse
1219 2756 1429 2822 scholiastam

199 2863 233 2927 in
256 2869 324 2927 tam
350 2883 471 2945 magna
503 2862 608 2945 figura
636 2861 857 2927 coniciendum
887 2870 945 2931 est.
992 2862 1143 2930 librarius
1167 2871 1275 2929 autern
1298 2870 1428 2948 proptor

198 2968 306 3053 ipsum
335 2969 488 3034 maiorem
518 2969 612 3034 solito
640 2968 764 3052 figurae
793 2969 947 3034 ambitum
977 2971 1111 3050 errauit,
1139 2970 1186 3035 ita
1214 2977 1249 3034 ut
1277 2972 1426 3036 extremis

199 3076 339 3160 exempli
363 3076 471 3141 uerbis
496 3075 635 3160 spatium
660 3075 798 3142 deesset.
844 3096 941 3140 unum
963 3083 1067 3142 restat
1090 3075 1236 3142 scholion
1262 3076 1311 3160 16,
1340 3077 1452 3160 011011,

198 3181 334 3248 secundi
357 3183 431 3247 libri
454 3181 597 3248 fabulam
621 3189 698 3267 apte
722 3183 917 3260 conclusam,
947 3183 1034 3248 tertii
1056 3183 1136 3247 nihil
1161 3184 1312 3267 seruauit,
1340 3184 1427 3249 unde

196 3289 297 3353 etiam
321 3289 469 3354 hocloco
493 3309 514 3354 a
538 3289 717 3355 scholiasta
740 3289 893 3353 nonnulla
918 3308 958 3353 ex
972 3289 1078 3355 11132
1102 3289 1225 3374 addita,
1249 3311 1269 3354 a
1293 3291 1424 3356 librario

195 3402 330 3480 propter
354 3397 453 3481 spatii
476 3397 619 3481 inopiam
643 3396 765 3462 omissa
789 3415 862 3462 esse
886 3395 1026 3461 fortasse
1049 3396 1206 3478 conligas.

287 3503 356 3569 Nec
383 3510 491 3570 tamen
519 3504 598 3569 certi
627 3502 804 3586 quidquam
833 3501 874 3568 de
903 3501 1040 3586 singulis
1068 3502 1150 3569 locis
1179 3503 1277 3568 statui
1310 3510 1426 3588 potest.

196 3607 233 3672 id
265 3630 361 3674 unum
393 3611 503 3676 licebit
535 3609 740 3694 constituere,
773 3629 831 3675 eas
863 3608 1008 3693 lacunae,
1046 3609 1162 3692 quibus
1196 3609 1426 3675 sententiarum

198 3735 340 3782 conexus
364 3719 518 3802 turbatur,
545 3738 566 3781 a
596 3716 774 3782 scholiasta
796 3715 831 3780 in
859 3716 1045 3782 uniuersum
1078 3735 1151 3781 esse
1180 3715 1425 3799 abiudicandas,

201 3821 312 3887 deberi
326 3824 357 3887 ei
370 3825 544 3890 maximam
567 3831 692 3908 partem
708 3843 827 3906 earum,
851 3842 935 3905 quae
948 3822 1075 3904 integro
1099 3822 1167 3887 fere
1181 3842 1279 3888 sensu
1293 3823 1426 3888 tolerari

197 3936 345 4013 possunt.

290 4034 491 4119 Quamquam
501 4036 600 4118 igitur
608 4037 755 4120 inprimis
765 4042 910 4102 extrema
925 4036 1123 4119 singulorum
1138 4035 1334 4101 scholiorum
1348 4057 1425 4121 pars

199 4143 232 4207 in
256 4143 386 4208 breuius
411 4143 595 4226 cogebatur,
624 4149 659 4206 ut
682 4143 712 4207 ei
736 4142 822 4224 quod
851 4149 1037 4227 suppeteret
1064 4143 1170 4227 spatio
1201 4143 1425 4207 accommoda·
1532 4194 1535 4199 .

198 4258 299 4333 retur,
331 4255 387 4313 aut
419 4248 595 4313 contractis
628 4248 796 4314 sententiis
829 4256 886 4312 aut
919 4249 1030 4315 eiectis
1063 4250 1118 4328 iis,
1156 4270 1241 4333 quae
1273 4249 1426 4314 incolumi

198 4376 298 4422 sensu
322 4356 438 4421 deesse
460 4353 635 4439 possent9),
664 4355 762 4419 etiam
789 4353 905 4420 mediis
934 4354 966 4418 in
994 4354 1138 4439 scholiis,
1173 4357 1201 4421 si
1230 4376 1294 4438 qua
1320 4355 1427 4422 minus

291 4513 313 4581 ⁹)
336 4515 465 4584 inprimis
488 4515 520 4568 cf.
541 4511 558 4568 d
577 4515 611 4568 32
631 4522 746 4581 propter
770 4518 840 4583 quod
869 4515 958 4566 Uerrius
981 4530 1043 4581 equ,
1068 4515 1112 4568 cui
1136 4514 1205 4568 adde
1232 4512 1330 4568 172οι
1359 4533 1427 4583 quoe

200 4623 284 4672 priore
302 4624 354 4659 non
375 4613 427 4658 totu
448 4607 483 4657 sit
502 4607 569 4657 diat.
662 4649 665 4655 .
