3254 5040
777 301 834 364 ’19

195 494 305 561 soleat
336 493 478 579 adfigi‘),
510 492 593 558 inter
622 495 668 558 N
689 501 727 560 61·
744 493 833 579 11⁸),
873 497 960 559 Yet
991 492 1055 570 1⁷⁹)
1087 493 1282 560 breuissima
1312 493 1427 558 addita

197 599 307 666 cauda
329 601 383 665 uel
406 600 536 668 omissa.
574 599 703 666 litterae
727 603 762 667 V
779 599 883 666 forma
905 598 1045 664 rotunda
1066 601 1101 666 U
1121 620 1193 666 cnm
1212 603 1245 668 0
1268 599 1430 666 interdum

197 706 406 773 confunditur
434 727 557 772 summa
586 706 698 772 circuli
725 713 819 792 parte
842 706 896 772 661
920 704 1081 793 clausam)
1111 706 1164 772 nel
1192 707 1276 773 falso
1305 714 1429 792 aperta.
1512 727 1516 733 ⁷

196 815 243 879 ab
271 816 305 881 0
327 820 437 879 autern
459 813 592 898 saepius
617 812 757 879 discerni
780 813 835 877 uix
857 818 966 898 potest
989 815 1041 880 D.

361 923 500 974 Humerus
526 937 575 989 pro
602 923 738 974 Homerus
760 917 791 974 17
816 922 839 974 9.
881 921 965 973 lambo
990 916 1021 972 11
1047 919 1088 972 22.
1131 920 1245 974 fortasse
1273 921 1327 974 huc
1354 919 1430 974 cadit

308 1008 381 1076 quod
404 1007 446 1062 bis
464 1008 495 1061 in
512 1011 538 1061 A
557 1012 648 1063 exstat
670 1027 732 1064 uom
749 1025 798 1077 pro
816 1027 895 1061 uum:
918 1004 935 1062 3
955 1009 986 1061 ll
1007 1011 1136 1062 aestiuom
1156 1005 1170 1061 7
1187 1008 1220 1061 14
1244 1025 1321 1062 ouorn
1339 1007 1431 1074 (66666

307 1097 356 1164 K).
378 1094 409 1151 12
432 1099 463 1150 10
487 1101 635 1166 ospr'catam
657 1115 705 1166 pro
728 1101 970 1164 <a>uspicatam
992 1114 1019 1150 u.
1042 1096 1123 1150 infra.
1143 1125 1174 1134 -
1196 1096 1221 1149 0
1239 1113 1287 1165 pro
1306 1097 1336 1149 D
1359 1096 1430 1165 legit

308 1189 341 1239 K
355 1184 389 1240 21
411 1189 441 1240 11
462 1187 510 1240 ubi
528 1203 577 1255 pro
595 1190 745 1240 incenderit
762 1186 872 1254 scripsit
890 1190 1014 1240 cenocrit.

292 1293 411 1358 Crebro
435 1298 605 1377 peccatum
629 1299 679 1358 661
701 1293 735 1357 in
758 1293 874 1358 litteris
898 1295 933 1358 A
957 1300 990 1358 61
1013 1295 1064 1359 Μ
1081 1289 1329 1377 perscribenda,
1357 1311 1429 1356 cum

198 1399 260 1464 illa
275 1398 410 1463 dimidia
433 1399 477 1464 sit
500 1397 624 1463 formae
648 1399 801 1483 capitalis
819 1399 948 1465 litterae
964 1403 1017 1484 M,
1041 1399 1074 1462 in
1096 1398 1209 1484 primis
1223 1398 1278 1463 ubi
1293 1404 1430 1481 utraque

199 1505 312 1570 1111666
336 1504 503 1570 exaranda
526 1512 606 1573 erat.
663 1550 665 1554 -

363 1609 436 1675 cf.¹¹)
454 1607 472 1665 1
491 1615 506 1666 7
526 1629 651 1666 caussam
668 1620 699 1665 ut
714 1633 745 1656 =
761 1630 844 1666 causa
862 1620 917 1676 aut,
936 1608 954 1665 1
975 1611 1007 1664 18
1025 1615 1109 1665 liram
1126 1619 1197 1665 utem
1212 1632 1244 1656 =
1260 1615 1316 1665 lr'ra
1335 1620 1431 1679 autent,

312 1697 343 1753 18
366 1701 397 1753 ll
416 1708 606 1754 curuaturmm
626 1721 656 1746 =
678 1709 866 1754 curuaturam.
904 1697 1044 1754 6111626
1066 1709 1127 1754 tera
1148 1708 1248 1754 uuarct
1269 1717 1318 1769 pro
1340 1703 1432 1754 tormi-

309 1797 388 1842 narct
411 1787 525 1855 (ibidem
543 1790 583 1842 M
595 1792 659 1858 post
676 1790 706 1842 A
729 1806 813 1859 praue
837 1788 1012 1858 adiungitur:
1036 1792 1157 1858 aliquam
1179 1807 1228 1858 pro
1252 1792 1433 1857 ali<i>qua

313 1873 345 1931 12
366 1877 399 1930 18
418 1880 534 1931 caudam
552 1895 601 1946 pro
621 1876 720 1945 cauda)
738 1874 773 1931 21
793 1877 827 1932 25
845 1881 1015 1932 ctiaamarat.
1036 1898 1067 1922 =
1088 1881 1169 1931 ctiam
1186 1880 1264 1932 Erat.
1287 1906 1317 1915 -
1338 1880 1434 1947 contra

311 1966 464 2020 omittendo
483 1966 610 2035 peccauit
630 1962 646 2019 2
667 1967 681 2017 7
701 1970 826 2035 trifaria,
844 1963 861 2019 3
880 1967 897 2019 2
916 1970 1021 2037 syriam
1040 1970 1072 2020 dc
1087 1970 1187 2033 flumen
1205 1984 1254 2035 pro
1272 1970 1378 2038 syriam
1396 1969 1434 2020 ad
1537 1971 1539 1975 ’

308 2059 409 2122 flumen
432 2055 530 2109 littera
547 2057 580 2107 Ε
599 2058 711 2124 propter
735 2072 797 2109 eam
820 2072 891 2124 quae
913 2055 1038 2123 sequitur
1055 2056 1088 2108 11Ι
1105 2072 1190 2124 praue
1213 2055 1325 2110 inserta
1365 2051 1433 2108 114

275 2129 278 2133 ’
311 2163 328 2197 6
347 2147 412 2198 ante
430 2146 570 2197 Mercurio
590 2144 700 2198 excidit.
740 2142 772 2198 12
794 2145 827 2198 10
845 2148 967 2213 aquilam
984 2148 1132 2212 ospicatam
1150 2161 1199 2213 pro
1218 2163 1243 2198 6.
1262 2148 1433 2212 auspicatam

310 2232 392 2285 simul
423 2233 524 2287 litteris
550 2233 574 2286 0
598 2236 626 2287 61
657 2234 686 2286 U
708 2237 741 2288 ut
768 2233 876 2302 saepius
904 2235 941 2300 (u.
969 2235 1062 2302 supra)
1090 2233 1217 2288 confusis.
1264 2233 1362 2288 dubius
1389 2233 1434 2287 his

311 2321 443 2390 exemplis
470 2323 592 2391 adiungo
623 2319 654 2376 12
677 2325 687 2376 l
713 2326 883 2391 raptaruautc'
909 2340 957 2391 pro
980 2322 1098 2376 lectione
1120 2322 1238 2392 uulgata
1260 2326 1388 2391 rapuisse
1410 2330 1435 2376 61

312 2414 424 2479 amanti,
446 2410 477 2464 in
497 2429 553 2479 qua
571 2412 726 2481 corruptela
749 2412 836 2466 latere
854 2411 925 2464 mihi
942 2411 1035 2480 potius
1053 2411 1165 2466 uidetur
1187 2419 1298 2480 raptum
1320 2415 1433 2466 ornanti.

312 2498 446 2565 (6182).
468 2529 499 2538 -
520 2501 574 2553 AI
587 2518 635 2569 pro
654 2501 693 2552 M
707 2503 748 2554 661
766 2501 900 2569 scriptum
921 2497 954 2554 14
971 2500 1013 2554 25.

196 2670 199 2674 .
294 2609 327 2670 A
344 2626 403 2690 pro
418 2609 458 2672 R
481 2606 583 2672 habes
606 2605 703 2673 1718
727 2610 924 2690 quaternatio
947 2629 1015 2670 curn
1038 2626 1097 2691 pro
1120 2589 1285 2690 quaternas
1308 2609 1432 2688 616666,

202 2731 235 2778 u.
258 2733 289 2796 p.
313 2716 364 2776 21.
393 2713 433 2777 cf.
457 2711 502 2774 20
528 2716 555 2779 1.

294 2817 436 2885 Litteras
462 2821 555 2884 m
582 2818 666 2885 inter
693 2838 729 2886 66
759 2817 939 2884 simillimas
967 2816 1120 2883 confundi
1142 2838 1206 2883 non
1230 2823 1281 2884 661
1307 2817 1433 2883 mirum.

367 2924 400 2980 cf.
425 2929 451 2979 ci
472 2943 521 2994 pro
545 2934 569 2979 61
594 2922 626 2978 17
649 2925 689 2990 19,
713 2933 737 2978 61
759 2941 807 2993 pro
832 2921 891 2979 eid
913 2926 953 2989 11,
971 2942 1025 2992 per
1043 2924 1195 2990 uentre[m]
1219 2942 1267 2993 pro
1286 2929 1435 2993 peruenire

315 3009 408 3077 1215,
436 3021 500 3067 tunc
523 3033 541 3068 6
563 3030 613 3083 pro
635 3011 762 3068 1666167
784 3015 824 3067 14.
843 3043 879 3051 —
897 3017 994 3068 ctesias
1016 3031 1065 3082 pro
1092 3015 1193 3067 Ctesias
1212 3010 1246 3066 21
1265 3014 1290 3069 6.
1313 3043 1340 3052 -
1362 3017 1435 3068 diui-

313 3104 467 3156 diturcuius
487 3124 518 3148 =
539 3106 641 3157 diuidit
659 3106 778 3156 circulus
799 3099 830 3155 12
851 3104 891 3156 11.
912 3136 945 3144 -
965 3105 1081 3156 notitam
1102 3123 1133 3147 =
1154 3104 1272 3156 siciliam
1290 3097 1306 3158 2
1325 3103 1350 3170 6,
1374 3104 1449 3156 sub·¹

313 3193 381 3243 16616
401 3212 432 3236 =
452 3194 673 3253 sub<rc>icctu
695 3189 726 3244 17
747 3192 789 3245 19.

298 3417 321 3488 ⁷)
345 3439 367 3476 6.
388 3440 414 3491 g.
434 3419 451 3475 3
470 3423 574 3491 apost
598 3426 696 3476 esitare
719 3423 831 3477 additur
853 3420 953 3476 littera
972 3439 1043 3491 quae
1062 3424 1091 3475 61
1108 3423 1141 3474 Ε
1160 3425 1251 3490 potest
1276 3438 1332 3475 6666
1351 3424 1379 3475 61
1397 3422 1433 3484 1¹¹¹,

201 3506 239 3564 21
260 3511 294 3564 15
321 3510 351 3563 in
373 3514 565 3565 Eratosthenes
591 3512 666 3566 inter
682 3514 715 3565 Ε
739 3515 767 3566 61
785 3513 817 3564 R
845 3511 942 3565 littera
959 3512 992 3564 F
1014 3527 1099 3579 praue
1126 3510 1231 3564 inserta
1258 3514 1308 3565 661.
1345 3510 1435 3564 simile

202 3599 306 3653 codicis
324 3602 350 3651 A
369 3600 471 3654 uitium
489 3601 596 3655 indicat
614 3601 688 3669 qnod
706 3603 738 3653 K
755 3598 785 3653 11
807 3618 848 3654 ex.
868 3600 954 3654 habet
971 3618 1034 3653 aere
1050 3603 1112 3668 {ipa}
1130 3618 1157 3653 u.
1176 3617 1203 3668 p.
1223 3599 1266 3652 22.

298 3685 319 3755 8)
338 3689 390 3742 Pro
408 3692 532 3743 habuisse
549 3686 581 3743 lt
600 3693 615 3743 7
635 3689 739 3759 legitur
757 3693 880 3743 16661666
898 3689 944 3743 uel
962 3692 1094 3758 nasuisse,
1125 3685 1189 3743 125
1207 3707 1280 3742 nunc
1297 3705 1346 3757 pro
1364 3691 1437 3742 hunc

204 3776 303 3830 cadem
326 3795 392 3832 uoce
416 3779 509 3847 paullo
532 3780 719 3848 praecedente.
757 3779 827 3834 adde
850 3776 1112 3847 66612566119
1136 3778 1266 3833 librarius
1289 3778 1389 3834 codicis
1407 3781 1441 3832 K

202 3867 365 3934 phcetnonta
384 3870 412 3919 61
429 3877 567 3921 uenernent
585 3869 663 3934 legit.

299 3952 320 4020 ⁹)
343 3955 395 4008 Pro
414 3973 528 4026 cppnum
547 3954 561 4009 7
585 3958 597 4010 l
621 3957 644 4010 is
668 3957 717 4025 qui
739 3956 770 4010 in
787 3955 1005 4011 Reifferscheidii
1027 3975 1110 4011 usum-
1130 3956 1250 4010 codicem
1268 3959 1294 4008 A
1317 3957 1436 4025 contulit

206 4043 279 4112 legit
297 4062 409 4097 6666666
429 4045 556 4114 (cppnunr
574 4048 630 4109 K).
667 4046 700 4100 cf.
723 4042 754 4099 111
773 4048 790 4100 4
809 4054 928 4100 saturus.
1211 4061 1213 4065 ·

301 4131 335 4200 ¹⁰)
353 4133 408 4187 Uix
430 4133 485 4186 huc
509 4133 630 4202 pertinet
653 4135 726 4203 quod
746 4135 772 4201 Q
789 4152 838 4202 pro
859 4135 886 4187 C'
904 4134 1044 4189 interdum
1062 4137 1105 4188 661
1122 4133 1268 4203 scriptum:
1291 4131 1355 4188 128
1373 4152 1437 4202 qum

205 4239 256 4291 pro
274 4222 476 4291 praepositione
494 4241 561 4293 cnm,
582 4220 613 4277 17
632 4224 650 4278 5
667 4223 781 4292 qui'pro
800 4228 852 4279 cui.

299 4310 337 4379 ¹¹)
360 4313 402 4365 Ex
428 4313 523 4367 eodem
551 4330 639 4367 errore
666 4312 778 4367 uidetur
803 4316 895 4367 crtum
918 4313 991 4380 quod
1013 4309 1066 4366 98
1090 4315 1123 4365 Κ
1140 4312 1225 4366 habet
1251 4313 1438 4379 Capricornus

205 4418 331 4455 occasum
353 4411 494 4470 aspecturus
516 4420 564 4471 pro
587 4405 669 4471 Capr.
693 4406 731 4456 ad
753 4420 804 4456 occ.
828 4410 959 4471 spectans.
997 4401 1179 4470 nequeenim
1197 4400 1376 4471 cogitandum
1395 4404 1437 4455 661

205 4489 242 4544 de
265 4508 387 4545 occasum
409 4496 569 4560 adspectans
592 4492 666 4560 qnod
689 4493 724 4547 ab
742 4491 848 4560 Hygini
872 4491 980 4546 dicendi
1003 4509 1056 4544 usu
1078 4491 1212 4545 abhorret.
1234 4498 1267 4528 4-
1286 4488 1377 4543 simile
1394 4491 1438 4544 661

206 4580 282 4647 quod
301 4578 316 4634 8
336 4582 352 4634 2
372 4580 501 4650 Cyriacus
520 4582 643 4636 seruauit
661 4590 780 4650 ereptum
801 4580 835 4649 [a]
855 4583 1021 4649 parantibus.

708 4683 712 4689 .
1224 4667 1272 4720 2⁸*
