3254 5040
720 296 847 388 .-.¹5

208 490 405 554 uidebantur
415 487 447 551 in
462 487 631 569 uulgarem
646 492 677 550 et
691 486 917 569 inelegantem,
933 506 995 568 quo
1011 486 1056 550 uti
1072 486 1160 549 illum
1177 485 1439 568 irrtellexerat,‘²⁴)

210 616 400 678 sermonem,
430 615 528 677 quam
552 613 656 661 nouae
680 591 844 675 lectiones,
874 613 955 675 quas
979 600 1014 656 ut
1038 591 1081 655 ad
1104 593 1309 675 incorruptae
1334 592 1440 657 latini-

212 704 291 768 tatis
310 702 400 785 leges
424 709 545 766 temere
569 699 833 764 accommodatas
854 700 1005 782 neglexit.
1045 699 1092 763 sic
1113 699 1297 781 genetiuunr
1313 701 1441 783 Iupitris

209 810 268 892 qui
295 831 326 894 p.
354 811 427 891 tao
456 808 489 871 in
523 810 552 871 U
576 807 707 890 legitur,
733 806 903 871 Prisciano
931 806 1021 871 nisus
1052 805 1159 870 studet
1188 806 1439 888 conseruarc,²⁵'’)

212 916 261 980 sic
290 916 383 998 siqua
412 916 518 979 minus
547 915 703 978 concinne
731 915 765 977 in
795 916 824 977 L'
851 919 925 977 sunt
953 911 1041 975 dicta
1069 932 1166 993 quarn
1194 912 1226 975 in
1250 911 1300 978 ed.
1327 911 1440 976 Sanct-

211 1022 381 1087 andreana
411 1059 448 1067 —
481 1020 572 1084 ouius
610 1020 765 1089 lectiones
798 1040 862 1083 non
894 1039 967 1083 raro
1006 1019 1125 1084 nostris
1163 1019 1274 1102 optimi
1312 1022 1441 1101 generis

211 1128 381 1193 codicibus
399 1127 626 1192 confirmantur
640 1165 679 1174 —
700 1128 894 1192 uetustiores
919 1127 993 1191 illas
1018 1127 1178 1192 editiones
1201 1128 1325 1191 mauult
1340 1128 1440 1210 sequi.

199 1241 273 1299 ‘nec
290 1255 367 1299 uero
390 1233 564 1300 tacendum
587 1242 636 1299 est
659 1233 818 1298 interdum
843 1235 904 1298 hoc
929 1233 1036 1300 studio
1059 1234 1226 1299 inductum
1241 1234 1441 1300 Sehcffcrum
1544 1260 1546 1263 ¹

211 1342 371 1424 genuinas
381 1341 538 1406 lectiones
553 1342 762 1406 uetustiorum
780 1340 955 1405 editionum
970 1343 1089 1406 nostris
1105 1341 1270 1406 codicibus
1285 1343 1441 1426 probatas

213 1449 283 1512 iure
298 1448 478 1531 retinuisse,
503 1468 573 1512 cum
589 1447 856 1512 Sanctandreana
880 1447 1074 1512 deteriorum
1099 1449 1247 1514 codicum
1270 1449 1442 1514 lectionem

214 1561 475 1638 repraesentaret
498 1555 734 1637 interpolatam.

304 1661 488 1725 Editionem
513 1660 812 1725 Sanctandrcanam
834 1663 1009 1745 perpaucis
1032 1662 1113 1727 locis
1137 1669 1295 1726 mutatam
1317 1662 1443 1727 recudit

212 1768 380 1831 Thomas
416 1767 613 1850 Munckcr,
651 1768 705 1848 qui
743 1767 910 1834 codicibus
940 1768 980 1832 de
1017 1769 1132 1851 quibus
1171 1789 1268 1852 supra
1301 1769 1442 1833 (11111111-

212 1881 354 1939 struotus
377 1874 410 1937 in
426 1874 663 1939 commentariis
687 1875 843 1958 plurimos
867 1875 956 1940 locos
982 1875 1176 1942 emendauit.
1216 1895 1288 1940 cum
1312 1884 1441 1942 secutus

216 1980 457 2064 Augustinus
485 2000 558 2044 van
586 1981 771 2046 Staveren
804 1982 867 2046 nisi
900 1982 985 2064 quod
1019 1982 1251 2067 orthographia
1284 1984 1441 2067 singulari

214 2086 403 2170 delectatur,
437 2088 542 2171 ipsum
575 2108 669 2170 quem
702 2095 819 2152 uocant
852 2096 1035 2154 contextum
1067 2090 1233 2156 rarissime
1263 2089 1442 2172 inmutauit,

214 2195 264 2258 sic
297 2201 331 2257 ut
367 2215 471 2276 usquc
503 2194 547 2258 ad
584 2215 703 2258 annum
739 2198 837 2278 1875,
874 2216 936 2277 quo
970 2197 1138 2261 Bunteana
1176 2196 1275 2261 editio
1313 2197 1442 2281 prodiit,

215 2300 395 2384 Hyginiani
419 2301 492 2365 libri
508 2321 547 2365 ea
566 2301 704 2365 ualuerit
728 2301 830 2366 forma
845 2303 878 2365 in
893 2323 988 2384 quam
1012 2303 1114 2368 tribus
1138 2304 1277 2387 amplius
1302 2305 1442 2389 saeculis

212 2416 298 2490 ante,
327 2428 410 2471 anno
438 2411 522 2473 1559
547 2428 567 2471 a
590 2409 723 2472 Morelio
753 2409 905 2474 redactus
930 2419 987 2474 est.
1035 2409 1175 2474 Buntei
1204 2416 1310 2476 autern
1341 2410 1440 2474 editio

214 2517 268 2596 (β),
293 2534 487 2597 quamquam
510 2514 619 2578 multis
644 2514 724 2580 locis
748 2515 806 2578 illa
829 2516 1036 2598 integriorem
1059 2516 1246 2581 memoriam
1271 2519 1442 2581 culleum
1480 2521 1496 2588 β

215 2621 399 2685 restituisse
422 2641 486 2684 non
510 2641 603 2703 nego,
632 2621 715 2687 adeo
747 2629 835 2687 earet
859 2629 947 2686 certa
971 2622 1049 2688 artis
1078 2623 1210 2687 criticae
1233 2623 1366 2705 ratione,
1396 2630 1443 2686 tot

214 2726 295 2791 loeis
328 2726 397 2791 sine
435 2727 520 2791 iusta
554 2747 654 2791 causa
689 2727 855 2809 uulgatam
893 2729 1065 2793 lectionem
1097 2729 1244 2813 inmutat,
1282 2737 1329 2793 tot
1361 2730 1442 2795 locis

213 2833 370 2897 intactam
393 2833 551 2917 relinquit,
582 2840 615 2896 ut
638 2854 678 2897 ne
701 2834 902 2898 Morelianae
926 2834 1056 2916 quidem
1084 2835 1264 2900 recensioni
1287 2842 1440 2920 praestet.

306 3008 343 3076 Ἡ)
363 3010 396 3063 cf.
417 3010 476 3064 eius
496 3012 543 3065 ‘De
562 3015 655 3066 aetate
674 3016 759 3079 atque
774 3013 846 3080 stylo
860 3013 965 3082 Hygini
985 3012 1213 3066 dissertationem'
1235 3013 1351 3067 editioni
1365 3031 1442 3082 pras·
1522 3018 1523 3021 ’
1604 3068 1616 3084 ,‚

214 3100 304 3165 fixam,
325 3100 402 3154 cuius
416 3100 498 3154 initio
517 3104 545 3155 01
560 3101 667 3155 fabulas
686 3105 715 3156 et
734 3102 929 3156 astronomiam
949 3102 1017 3156 dicit
1031 3103 1133 3156 habere
1153 3104 1219 3156 11111
1233 3104 1324 3158 multa
1338 3103 1442 3157 nemini

214 3206 301 3256 paene
319 3192 454 3257 usurpata
472 3192 500 3242 01
519 3190 598 3257 quasi
616 3190 779 3259 singularia,
799 3191 896 3258 qualia
914 3195 979 3245 sunt
998 3191 1108 3259 ellipses
1126 3192 1279 3260 pleonasmi
1297 3193 1444 3262 graecismi

213 3278 365 3346 composita
388 3296 437 3346 pro
458 3277 628 3346 simplicibus
647 3279 785 3347 simplicia
802 3298 851 3348 pro
870 3280 1029 3348 compositis
1053 3280 1203 3334 locutiones
1223 3282 1307 3335 uerba
1326 3281 1443 3349 denique

214 3366 284 3419 alias
303 3367 351 3419 nix
369 3368 540 3421 occurrentia
559 3371 587 3421 01
605 3368 634 3420 id
653 3370 756 3437 3011111.ἲ

307 3453 342 3520 ²⁶)
361 3456 493 3510 Priscian.
514 3456 659 3510 institvi
679 3457 713 3510 39
735 3456 758 3523 ΙΙ
778 3458 856 3519 229,9
876 3456 916 3510 ed.
936 3456 1046 3524 Hertz]:
1062 3457 1114 3511 *sic
1132 3457 1219 3511 etiam
1238 3458 1362 3526 Iuppiter
1380 3457 1443 3524 Iup·

214 3544 311 3611 piteris
334 3547 362 3598 01
387 3545 521 3613 Iuppitris
544 3548 576 3598 111
600 3545 733 3599 Caesellio
752 3545 863 3599 Vindici
887 3546 979 3613 placet
1003 3549 1093 3599 debuit
1115 3549 1258 3613 declinari,
1282 3564 1347 3598 uam
1372 3546 1444 3598 louis

215 3633 387 3686 nominatiuo
402 3651 511 3700 quoque
526 3652 589 3687 casu
604 3634 762 3688 inuenitur'.
783 3635 829 3686 sed
845 3634 948 3687 ‘debuit
957 3634 1098 3688 declinari'
1115 3638 1188 3688 certe
1198 3635 1227 3687 id
1236 3634 1289 3686 sibi
1304 3634 1374 3696 uult,
1388 3649 1443 3684 non

214 3721 256 3789 itu
279 3721 449 3774 declinatum
473 3739 529 3775 esse
553 3740 651 3776 nornen
676 3723 824 3791 ‘luppiter'‚
856 3723 903 3776 sed
930 3724 1145 3791 grammaticum
1173 3724 1244 3776 hanc
1270 3723 1386 3775 formam
1411 3737 1445 3772 ex

215 3810 346 3878 analogia
364 3828 458 3863 earum
478 3829 549 3879 quae
568 3829 630 3866 uere
649 3813 796 3866 exstabant
814 3812 932 3864 finxisse.
965 3811 1069 3864 habent
1089 3815 1183 3864 autem
1197 3813 1313 3864 formam
1327 3811 1445 3876 Iupitrr's

222 3899 294 3951 Uet
316 3898 457 3966 Micyllus,
485 3900 533 3967 qui
557 3904 651 3955 tamen
675 3902 704 3954 in
728 3902 853 3970 margine
876 3901 934 3954 iarn
957 3900 1001 3964 1011
1024 3899 1093 3966 Sot.)
1117 3900 1263 3952 adnotanit
1287 3899 1383 3950 ‘louis‘
1414 3925 1439 3931 —

214 3991 317 4040 ceteros
336 4004 413 4040 casus
432 4005 549 4054 quorum
563 3990 673 4058 omnino
692 4008 747 4043 non
766 3990 877 4043 uidetur
895 3989 971 4043 lacta
990 4006 1047 4044 0110
1061 3989 1174 4051 mentio,
1195 3987 1279 4040 etiam
1293 3985 1446 4038 Schefferus

216 4074 382 4143 repudiauit.
420 4076 560 4130 ablatinus
582 4081 676 4132 antem
701 4082 806 4146 hrpr‘trc
829 4081 921 4133 exstat
944 4097 970 4147 p.
991 4079 1053 4144 88&
1077 4079 1107 4131 in
1130 4078 1190 4139 FU,
1215 4094 1240 4143 p.
1261 4073 1386 4133 50‚19in
1411 4074 1444 4132 U;

215 4164 328 4217 datiuus
351 4169 455 4232 Irrpitri
477 4184 504 4234 p
524 4167 583 4232 stt
606 4167 637 4218 in
656 4169 719 4229 FU;
743 4167 918 4220 accusatiuus
942 4168 1062 4234 deniqne
1085 4170 1216 4233 Iupitrem
1234 4167 1265 4229 p.
1287 4161 1347 4222 10,6
1370 4159 1399 4210 in
1425 4159 1451 4210 U

216 4256 244 4306 01
268 4253 466 4322 superscriptus
484 4254 514 4307 in
533 4257 560 4306 F
581 4254 657 4307 cuius
680 4256 770 4322 prima
794 4273 891 4308 manus
916 4256 1001 4308 habet·
1026 4259 1128 4322 1711111101·
1153 4253 1205 4320 ted.
1226 4249 1310 4302 Paris.
1330 4264 1354 4299 a.
1376 4246 1446 4296 1517

108 4351 112 4356 “
215 4341 242 4393 h.
263 4342 280 4394 l.
301 4342 385 4396 habet
404 4342 512 4409 Iouem).
550 4361 576 4397 u.
596 4361 679 4411 supra
698 4343 759 4395 adn.
781 4343 813 4394 17
834 4359 874 4396 ex.

723 4538 939 4546 ᾑ-
