3254 5040
726 318 767 381 27

225 509 382 595 Cyriacus
405 529 477 575 curn
499 530 528 574 a.
548 508 578 576 d.
595 510 653 578 XI.
668 509 742 575 Kal.
766 509 835 577 dec.
860 530 891 578 a.
920 511 1004 574 1442
1028 508 1163 592 Liguria
1185 516 1362 594 peragrata

134 616 314 683 Nouariam
336 623 370 681 et
392 616 524 681 Cornum
542 623 665 700 petens
688 616 857 682 Uercellas
879 616 1033 700 uenisset,
1062 615 1105 680 ‘in
1132 615 1266 698 antiqua
1288 616 1362 701 ipsa

134 723 241 808 Capit.
264 722 469 789 Bibliotheca
490 729 637 789 uetustos
662 729 694 788 et
716 723 904 808 praeclaros
927 721 1027 788 libros
1051 722 1266 806 quamplures'
1292 743 1364 788 cum

136 829 219 895 alios
242 829 365 896 inuenit
387 837 455 895 tum
478 829 578 895 ‘Arati
601 829 717 895 librum
739 828 1017 912 antiquissimum,
1041 849 1082 894 ex
1104 848 1167 910 quo
1192 849 1362 894 011111011-

135 934 227 1001 nulla
250 937 455 1022 excerpserit,
480 936 584 1002 solam
606 935 675 1001 eius
700 935 823 1001 codicis
846 933 1033 1000 iamdudum
1047 941 1083 1000 ut
1097 934 1227 1000 uidetur
1250 934 1363 1021 deper-

137 1040 196 1107 diti
219 1046 276 1125 (an
298 1043 417 1109 alicubi
442 1042 595 1122 occulti?)
618 1043 766 1107 notitiam
789 1042 972 1126 posteritati
994 1039 1170 1122 tradiditI).

214 1146 1366 1237 (1110111118)111110100101110001101101010111101111010010,0111100111-

138 1275 217 1321 acus
232 1255 365 1322 scholiis
378 1276 492 1321 uersus
508 1256 658 1321 carminis
681 1253 856 1320 adeadem
879 1255 974 1337 signa
987 1255 1186 1339 pertinentes
1209 1254 1366 1342 adiunxit,

137 1363 301 1447 probatur.
347 1362 434 1427 idem
458 1368 596 1427 testatur
619 1361 763 1427 codicem
791 1361 934 1447 scholiis
961 1381 1094 1444 quorum
1121 1368 1272 1445 quattuor
1301 1383 1367 1429 ser·

233 1643 253 1710 ⁷)
272 1646 374 1699 Eorum
392 1646 441 1714 qui
460 1647 493 1700 de
510 1646 679 1700 bibliotheca
698 1645 787 1715 Capit.
808 1646 923 1700 Uercell.
947 1649 1037 1715 agunt
1060 1661 1141 1699 nemo
1165 1663 1227 1699 eum
1252 1663 1368 1701 commc-

140 1736 246 1788 morat:
270 1734 367 1788 Frane.
386 1736 487 1789 Anton.
508 1735 656 1789 Zachariae
678 1752 731 1789 soc.
750 1735 801 1789 Ies.
820 1735 956 1788 Excursus
980 1733 1111 1788 litterarii
1134 1751 1183 1803 per
1200 1734 1314 1788 Italiam
1333 1737 1369 1790 ab

141 1839 167 1876 a.
189 1822 258 1876 1742
281 1823 317 1876 ad
341 1841 365 1877 0.
386 1824 455 1877 1752
479 1825 532 1878 uol.
553 1824 566 1877 I
590 1825 688 1878 Uenet.
713 1824 782 1877 1754
809 1842 835 1892 p.
860 1826 902 1877 59.
925 1851 954 1860 -
975 1823 1087 1877 Lettera
1114 1822 1261 1878 dell'ahate
1289 1824 1367 1879 Ciov.

142 1904 248 1965 Andros
267 1912 294 1965 al
313 1911 370 1982 Sig.
390 1913 433 1966 ab.
453 1913 529 1968 0100.
549 1913 656 1968 Μο10111
675 1931 755 1982 sopra
774 1913 868 1968 alcuni
886 1912 973 1967 codici
992 1912 1063 1966 delle
1080 1912 1246 1967 biblioteche
1265 1914 1369 1982 capito·

141 1998 195 2053 lari
219 2000 247 2053 di
266 2001 378 2056 Novaro
401 2019 415 2056 0
434 2001 462 2055 di
482 2003 602 2056 Vercelli
637 2003 754 2056 Parmae
773 2002 843 2056 1802
866 2019 912 2070 pp.
932 2002 974 2064 77,
994 2003 1028 2054 99
1047 2019 1105 2069 sqq.
1127 2030 1158 2039 —
1178 2002 1251 2056 Frid.
1271 2003 1370 2058 Blume

141 2088 199 2142 1101
221 2090 350 2150 Italicum
369 2090 383 2143 I
405 2089 510 2156 (Berlin
535 2092 614 2157 1824)
642 2109 687 2160 pp.
706 2091 767 2145 87-
779 2092 838 2155 101,
867 2090 907 2143 IV
931 2090 1026 2156 (Halle
1046 2090 1126 2153 1836)
1153 2107 1180 2158 p.
1206 2091 1256 2144 132
1275 2109 1314 2159 sq.
1335 2121 1371 2159 -,

141 2178 264 2231 eiusdem
278 2178 451 2234 Bibliotheca
465 2180 597 2235 librorum
611 2180 862 2248 manuscriptorum
874 2179 972 2233 italica
987 2179 1149 2248 (Gottingae
1165 2180 1244 2246 1831)
1253 2198 1280 2249 p.
1290 2181 1369 2235 5-7.

143 2295 176 2305 -
201 2267 361 2337 Neigebaur
387 2268 417 2321 in
444 2269 554 2338 Serapei
582 2270 637 2323 uol.
660 2269 753 2323 XVIII
780 2269 817 2336 (a.
841 2269 922 2336 1857)
945 2287 971 2338 p.
992 2269 1052 2322 177.
1073 2268 1242 2323 -eundem
1268 2269 1371 2325 frustra

143 2357 284 2423 quaesiuit
306 2358 377 2426 Aug.
402 2357 605 2420 Reifferscheid,
634 2359 700 2412 dum
722 2359 855 2413 Uercellis
878 2358 992 2411 01865
1020 2360 1131 2425 patrum
1153 2357 1306 2411 latinorum
1329 2377 1371 2413 co-

143 2445 249 2499 dicibus
264 2446 446 2501 describendis
460 2465 571 2516 operam
590 2446 725 2517 inpendit.
753 2464 803 2501 nec
816 2450 912 2516 postea
929 2446 1060 2501 inuentus
1074 2450 1123 2500 est.
1155 2464 1221 2500 nam
1234 2447 1264 2501 P.
1281 2447 1371 2514 1111011,

144 2534 193 2602 qui
211 2553 235 2589 a.
252 2536 320 2589 1877
335 2536 467 2590 Uercellis
486 2536 549 2601 fuit,
568 2536 670 2590 uidisse
688 2553 716 2590 se
735 2553 798 2590 eum
816 2535 940 2605 negauit.
952 2535 1170 2604 -Wirceburgi
1189 2552 1252 2589 eum
1270 2535 1373 2590 frustra

144 2623 284 2691 quaesiuit
302 2624 436 2693 Georgius
455 2625 578 2694 Schepsa
598 2641 680 2693 quem
699 2624 732 2679 de
750 2642 782 2679 00
800 2624 931 2678 adieram.

238 2726 262 2795 8)
285 2730 385 2785 Utrum
408 2730 494 2784 ecdici
516 2731 681 2799 inscriptum
703 2730 758 2785 fuit
782 2731 901 2784 ‘Aratus'
924 2730 970 2784 uel
994 2729 1082 2783 ‘Arati
1104 2730 1312 2798 phaenomena’,
1336 2749 1373 2785 an

146 2817 276 2886 Cyriacus
299 2818 338 2872 sic
361 2836 422 2872 eum
448 2819 613 2885 nominauit,
642 2837 704 2874 eum
727 2818 906 2888 inscriptione
933 2818 1057 2872 careret?
1093 2820 1166 2872 00110
1189 2818 1291 2872 librum
1314 2837 1373 2876 000-

146 2895 259 2960 lestium
282 2906 423 2977 signorum
446 2908 616 2978 imaginibus
639 2911 668 2964 01
692 2909 816 2964 uersibus
835 2907 871 2963 ad
889 2906 1088 2962 astronomiam
1109 2907 1312 2976 pertinentibus
1330 2910 1374 2964 in·

148 2996 284 3049 structum
302 2995 362 3064 ipse
377 2995 507 3065 Cyriacus
521 2997 602 3052 Arati
620 2997 732 3052 nomine
750 2997 844 3067 potuit
862 2997 1011 3066 appellare,
1030 2998 1128 3065 utpote
1146 3014 1200 3064 quo
1220 2997 1374 3053 carminum

147 3084 392 3139 astronomicorum
415 3103 502 3155 genus
521 3087 601 3155 quasi
620 3087 650 3140 in
669 3086 829 3140 uniuersum
852 3086 909 3140 iam
928 3085 1084 3153 antiquitus
1103 3085 1140 3140 sit
1158 3085 1375 3143 denominatum.

148 3174 176 3226 et
204 3171 362 3228 Germanici
394 3174 506 3243 quidem
538 3176 657 3230 Aratum
684 3175 807 3245 Cymaeo,
838 3175 983 3229 hominnm
1014 3174 1203 3230 litteratorum
1235 3176 1283 3244 qui
1314 3180 1376 3232 tum

147 3259 305 3316 Florentiae
324 3263 503 3332 antiquitatis
522 3263 677 3319 studiorum
694 3264 771 3318 illius
785 3263 887 3337 aetatis
905 3263 1053 3333 praecipua
1070 3263 1101 3316 in
1115 3264 1178 3318 sede
1195 3265 1378 3320 mersabantur

149 3349 246 3416 amico,
265 3354 362 3406 notum
380 3352 464 3407 fuisse
483 3352 548 3407 inde
566 3353 720 3417 concludas,
744 3353 818 3421 quod
841 3355 870 3407 01
889 3352 973 3406 codex
991 3351 1162 3406 Strozaianus
1186 3352 1235 3406 illo
1253 3356 1376 3422 tempore

148 3438 204 3492 iarn
227 3439 383 3495 Florentiae
405 3441 473 3502 fuit,
502 3445 531 3496 et
551 3441 716 3497 Urbinatem
744 3442 793 3510 qui
816 3459 871 3495 non
894 3458 928 3496 ex
949 3441 1009 3510 ipso
1032 3440 1131 3495 Strczz.
1155 3443 1197 3494 est
1224 3441 1376 3512 descriptus

148 3527 263 3592 (Robert
281 3530 300 3582 1.
319 3547 341 3583 0.
360 3548 386 3599 p.
403 3530 465 3596 209)
488 3530 528 3584 ibi
551 3534 695 3585 exaratum
718 3548 775 3584 esse
798 3531 865 3585 licet
893 3529 1025 3599 suspicari
1053 3529 1150 3598 (Voigt
1167 3529 1186 3584 l.
1206 3546 1228 3584 0.
1246 3531 1260 3583 Ι
1278 3549 1305 3600 p.
1325 3533 1378 3586 574

149 3617 209 3686 sq).
246 3618 418 3674 Stroaaianus
436 3619 511 3674 enim
528 3619 621 3674 fuerat
639 3622 675 3685 (11.
696 3620 811 3689 Breysig
829 3620 914 3688 praef.
934 3638 961 3688 p.
980 3618 1056 3685 XXI)
1075 3617 1207 3673 Colueii
1224 3618 1378 3676 Salutati

150 3705 317 3761 Cancellarii
347 3708 423 3761 illius
450 3708 604 3763 Florentini
634 3709 793 3764 litterarum
825 3707 1031 3772 studiosissimi,
1063 3707 1141 3762 euius
1167 3711 1230 3777 post
1260 3712 1379 3765 mortem

151 3794 287 3864 (aliod)
313 3796 429 3851 fortasse
451 3797 549 3852 statim
572 3797 602 3851 in
625 3798 742 3853 Pallae
762 3797 910 3852 Strozzii
934 3813 1032 3850 manus
1055 3795 1190 3865 peruenit.
1211 3825 1244 3834 -
1264 3815 1300 3852 01
1322 3817 1380 3855 una

151 3900 214 3936 cum
237 3882 359 3938 Salutati
382 3884 473 3940 codice
495 3885 623 3940 Pliniano
647 3886 743 3951 (Paris.
761 3887 829 3955 Reg.
850 3886 929 3950 6708,
949 3904 962 3939 0
980 3902 1024 3954 ap.
1044 3884 1133 3954 Sillig.
1152 3884 1237 3954 praef.
1257 3904 1283 3954 p.
1302 3886 1379 3957 XVI)

152 3971 187 4024 ad
201 3971 373 4027 Leonardum
386 3973 546 4028 Arretinum
561 3973 711 4039 (Detlefsen
725 3975 753 4029 in
768 3975 904 4045 Philolog.
920 3974 955 4028 28
969 3992 995 4043 p.
1011 3973 1073 4041 300)
1093 3976 1121 4027 01
1139 3976 1200 4027 turn
1219 3973 1331 4029 demum
1348 3976 1379 4031 in

150 4061 349 4116 bibliothecam
368 4062 548 4117 Strozziorum
567 4064 711 4118 1101111-
727 4064 882 4119 0011101101
901 4063 991 4133 igitur
1008 4063 1136 4128 codicem,
1155 4063 1270 4118 fortasse
1286 4064 1379 4133 ipsum

152 4148 351 4217 Summanum,
388 4151 470 4206 facile
497 4155 607 4222 poterat
634 4153 764 4222 Cyriacus
790 4153 947 4208 Florentiae
978 4152 1072 4207 uidere
1107 4150 1192 4220 [idem
1223 4152 1281 4206 iam
1308 4154 1379 4208 coni.

153 4238 181 4293 C.
200 4227 304 4293 Robert
325 4240 344 4294 1.
364 4258 386 4294 0.
411 4258 437 4309 p.
461 4240 513 4294 210
536 4243 594 4295 not.
614 4240 670 4309 26].
707 4244 803 4296 001110
830 4241 966 4296 Ciceronis
993 4241 1181 4310 fragmentum
1208 4257 1241 4295 ea
1268 4240 1380 4309 quidem

153 4331 247 4383 aetate
264 4328 391 4386 nondum
409 4332 549 4399 repertum
567 4347 624 4384 esse
642 4329 760 4385 uidetur.
798 4331 994 4385 Leonardus
1013 4330 1087 4385 enim
1105 4329 1281 4383 Arretinus
1300 4329 1379 4399 epist.

152 4417 207 4470 VII
225 4418 242 4470 4
260 4418 292 4483 (t.
307 4417 334 4471 Π
352 4435 378 4487 p.
394 4417 428 4471 83
441 4418 550 4486 Mehus)
587 4422 615 4473 et
634 4419 703 4474 allos
720 4419 804 4473 libros
823 4419 891 4474 111011
910 4422 936 4474 ‘a
955 4419 1082 4475 Cicerone
1105 4418 1134 4472 in
1153 4417 1273 4472 latinum
1296 4417 1381 4474 fuisse

153 4523 308 4573 conuersos,
341 4508 370 4560 01
396 4507 537 4577 insuper
564 4507 664 4562 Arati
691 4507 816 4562 librum
844 4509 881 4562 110
910 4507 1037 4578 figuris
1069 4506 1288 4573 coelestibus,
1322 4508 1380 4576 qui

152 4596 235 4650 libri
254 4613 365 4650 omnes
383 4595 511 4650 iamdiu
530 4596 677 4664 periere)
