3254 5040
770 314 813 378 25

174 509 306 595 scopo²l
332 507 492 575 edendum
516 515 695 592 acceperat,
718 506 801 572 haec
824 515 935 572 narrat
950 506 1111 573 Oliuerius
1136 505 1263 592 (fragm.
1280 508 1405 575 Pisaur.

175 615 278 700 81881.
301 637 332 700 p.
358 617 407 696 8):
437 614 556 680 ‘Pauca
585 634 668 680 8888
696 611 738 678 de
766 611 878 680 codice
906 614 978 698 ipso
1008 634 1048 679 ex
1076 634 1138 696 quo
1167 612 1248 679 haec
1277 613 1405 698 Cyriaci

173 719 359 805 fragmenta
387 719 558 806 desumpta
586 728 660 788 sunt
687 719 830 806 praefari
859 727 994 805 oportet.
1044 720 1181 805 Cyriaco
1211 720 1266 785 ille
1295 727 1404 787 aetate

175 826 277 894 ferme
292 849 413 913 suppar
428 836 486 912 est,
509 827 597 910 quod
620 847 660 892 ex
683 827 786 911 ipsius
811 826 1009 893 characteris
1032 825 1135 892 forma
1159 827 1256 893 188118
1273 827 1403 910 dignos·

173 935 266 1001 citur.
312 935 367 1019 qui
399 933 545 1000 codicem
573 933 755 1018 descripsit,
782 933 836 999 881
860 933 1032 1018 Cyriacum
1058 942 1194 1000 nouerat
1220 933 1274 999 uel
1300 934 1404 1018 ipsius

91 1101 92 1104 ,
174 1042 276 1126 probe
304 1062 445 1117 manum,
476 1040 553 1106 inde
581 1060 681 1125 saepe
708 1046 814 1106 notat:
843 1060 940 1105 manu
969 1039 1111 1124 Oyriaci,
1139 1060 1236 1105 manu
1262 1041 1402 1125 propria,

174 1168 273 1213 manu
302 1148 444 1215 alterius.
489 1146 575 1212 unde
599 1154 686 1213 esset
710 1145 851 1212 18118888
875 1146 944 1213 8181
967 1154 1079 1232 888881
1103 1168 1144 1213 ex
1167 1168 1243 1232 pag.
1266 1149 1318 1230 30,
1348 1147 1403 1227 ubi

176 1253 374 1320 domesticae
409 1253 552 1320 rationes
585 1253 662 1320 anui
696 1255 779 1320 1431
815 1253 891 1319 11881
926 1253 992 1318 8118
1031 1253 1219 1319 charactere
1256 1253 1290 1317 in
1320 1253 1403 1320 haec

176 1361 278 1427 uerba
299 1361 541 1445 perscribuntur
564 1363 703 1425 thbobe
728 1361 882 1425 Gioouaai
903 1362 941 1424 de
963 1363 1144 1425 Bondercbo
1172 1362 1225 1424 obe
1249 1363 1354 1425 bruera
1377 1363 1404 1425 le

174 1474 257 1532 terre
279 1470 316 1532 de
338 1470 443 1532 Monte
469 1468 601 1551 Ctoperi
628 1468 730 1532 l'uaao
754 1468 835 1530 1431
861 1472 919 1531 818.
967 1465 1025 1532 sed
1048 1466 1160 1531 Piceni
1187 1466 1403 1552 topographia

176 1572 265 1638 baud
293 1574 374 1639 satis
403 1573 573 1658 explorata
595 1572 673 1638 mihi
697 1580 756 1640 est.
801 1570 884 1637 illud
906 1579 1015 1639 tamen
1038 1579 1161 1638 certum
1185 1580 1235 1639 est
1258 1572 1403 1655 podicem

175 1678 260 1744 11888
289 1679 475 1746 domesticis
505 1679 684 1746 rationibus
713 1679 917 1763 assignatum
945 1699 1051 1761 neque
1078 1686 1187 1745 181888
1214 1679 1404 1765 inscriptum

174 1785 301 1869 aliquot
329 1794 404 1871 post
431 1806 534 1852 annos
561 1786 765 1869 grauioribus
793 1785 1068 1868 nobilioribusque
1095 1787 1191 1853 rebus
1214 1786 1404 1852 attributum
1499 1857 1501 1863 ,

176 1890 293 1975 181888;
326 1893 468 1959 18118888
497 1892 582 1958 88118
609 1891 653 1957 ad
680 1912 709 1957 8.
740 1894 824 1962 1431
856 1892 1026 1976 pertinent,
1061 1892 1189 1977 Cyriaci
1221 1893 1404 1976 fragmenta

176 1998 293 2065 itinera
316 2000 357 2065 ab
382 2020 420 2066 eo
444 2000 592 2065 confecta
615 1998 859 2065 aunis1442et
878 2001 961 2065 1443
985 1999 1255 2084 complectuntur’.
1292 2000 1402 2083 itaque

175 2105 281 2171 codex
303 2105 359 2171 ille
382 2126 446 2171 nou
470 2106 573 2172 solum
602 2113 749 2190 repertus
777 2104 905 2170 uidetur
935 2125 1008 2172 esse
1031 2106 1065 2171 in
1094 2107 1226 2190 regione
1249 2107 1403 2172 Anconae

178 2211 307 2296 Cyriaci
347 2212 475 2298 patriae
511 2212 635 2291 uicina,
677 2211 736 2278 scd
773 2212 872 2277 etiam
910 2211 1065 2296 scriptus,
1107 2213 1245 2278 18118888
1278 2234 1298 2278 8
1331 2213 1403 2281 8188

174 2317 317 2402 quodam
341 2319 500 2385 81881188
525 2319 654 2404 Cyriaci
678 2319 733 2402 qui
756 2325 849 2385 extra
872 2319 983 2384 urbem
1009 2318 1178 2404 praedium
1200 2319 1401 2404 possidebat.

174 2424 236 2492 scd
258 2433 329 2491 utut
351 2426 433 2492 11888
455 2445 508 2492 188
524 2425 681 2510 sehabet,
704 2431 791 2491 certe
814 2425 1046 2511 transscriptus
1069 2433 1175 2492 estex
1199 2424 1402 2511 autographo

178 2531 307 2617 Cyriaci
323 2534 365 2598 ab
380 2533 509 2598 homine
533 2531 682 2615 diligenti
697 2552 736 2597 ac
749 2532 860 2616 probo.
892 2553 997 2614 neque
1021 2532 1105 2596 enim
1120 2538 1245 2597 tantum
1268 2532 1404 2598 adnotat

174 2639 207 2704 si
228 2638 305 2722 quid
325 2640 367 2705 ab
385 2639 452 2704 alia
475 2659 571 2704 manu
596 2639 748 2722 scriptum
764 2638 795 2703 ei
809 2639 954 2722 occurrit,
978 2637 1036 2703 sed
1060 2638 1158 2703 etiam
1181 2638 1403 2704 aedificiorum

177 2741 308 2829 formas,
332 2744 491 2827 imagines
515 2744 680 2827 signorum
703 2743 756 2810 uel
779 2744 916 2811 aliarum
939 2764 1052 2829 rerum,
1076 2765 1159 2828 quas
1183 2745 1339 2830 Cyriacus
1363 2766 1404 2810 ex

174 2870 264 2915 more
297 2870 354 2915 suo
388 2850 627 2916 commentariis
660 2849 863 2935 adpinxcrat,
897 2870 933 2916 88
966 2851 1113 2916 omittere
1151 2852 1287 2936 singulis
1319 2852 1400 2919 locis

175 2955 322 3042 monet3),
354 2976 459 3040 neque
492 2957 581 3023 solas
613 2957 840 3042 inscriptiones
871 2955 992 3022 latinas
1024 2957 1211 3043 perscribit,
1244 2967 1278 3023 ut
1309 2959 1401 3024 multi

265 3220 286 3287 ²)
305 3222 393 3276 Huius
416 3223 445 3276 in
469 3240 566 3277 manus
589 3223 733 3293 perpaucis
756 3227 788 3277 ut
812 3223 923 3278 uidetur
946 3223 1026 3278 annis
1049 3228 1114 3278 ante
1142 3228 1224 3289 t‘cum
1243 3242 1257 3278 8
1281 3226 1400 3279 tenebris

170 3314 325 3379 opportune
343 3312 497 3380 prodiisset*
518 3311 590 3366 Oliu.
609 3313 695 3381 praef.
714 3331 740 3382 p.
761 3313 787 3379 7)
806 3315 977 3382 peruenerat.
1006 3313 1129 3367 conferas
1148 3313 1234 3367 uelim
1252 3313 1401 3382 epistulam

171 3398 231 3453 eius
246 3400 443 3455 dedicatoriam
457 3401 493 3454 ad
507 3401 672 3456 Academiae
686 3403 863 3456 Etruscorum
877 3400 1051 3455 Cortonensis
1065 3401 1150 3455 socios
1165 3403 1260 3455 datam
1274 3403 1401 3461 (01188111

170 3488 289 3542 editioni
307 3489 470 3558 praefixam)
488 3509 513 3559 p.
533 3491 551 3544 4
570 3494 598 3545 81
617 3490 732 3545 01188111
751 3491 835 3559 praef.
855 3509 881 3559 p.
902 3490 926 3545 7.

264 3612 288 3682 ⁸)
307 3615 398 3683 81818.
415 3615 467 3669 17?
487 3615 520 3670 81.
538 3615 609 3669 0118.
625 3619 682 3670 881.
697 3616 745 3682 96)
769 3633 795 3683 p.
810 3616 844 3669 31
864 3615 918 3669 ‘hic
935 3615 1028 3670 deficit
1045 3617 1140 3669 statua
1158 3617 1250 3668 818818
1263 3615 1333 3673 cum'
1349 3618 1400 3669 818.

180 3732 205 3740 -
230 3704 266 3758 ib.
292 3704 345 3758 'hic
368 3704 460 3759 deficit
483 3720 577 3759 881188
599 3703 732 3772 biiugalis
755 3721 818 3759 cum
841 3703 963 3771 quadam
984 3702 1116 3757 nauicula
1138 3703 1350 3771 superimposita
1371 3705 1400 3758 et

170 3795 268 3846 statua
281 3792 401 3847 feminea
414 3792 588 3862 pulcerrima.
620 3793 692 3847 Item
705 3793 871 3846 8118818188
888 3792 986 3846 rustici
1005 3791 1203 3846 uindemiantis
1217 3792 1398 3860 pulcerrima*

171 3898 198 3948 p.
219 3882 266 3933 40:
291 3881 345 3934 ‘hic
363 3880 463 3934 desunt
481 3881 551 3936 duae
575 3880 711 3950 imagines
729 3881 845 3935 Martis!
884 3882 968 3948 atque
987 3881 1072 3935 811818
1098 3880 1232 3934 animalia
1250 3881 1400 3935 secundum

171 3968 262 4038 ipsam
280 3973 410 4024 naturam
429 3969 574 4038 (tyriacum
594 3969 750 4038 depinxisse
773 3986 796 4024 e.
816 3988 843 4040 g.
864 3971 954 4025 elucet
972 3987 1006 4024 cx
1024 3969 1144 4039 epistula
1163 3970 1221 4024 8188
1240 3970 1276 4024 ad
1294 3971 1399 4039 Philip-

171 4076 239 4127 pum
257 4058 376 4112 Mariam
394 4059 491 4112 ducem
509 4058 742 4113 Mediolanensem
760 4059 828 4114 data
847 4059 890 4127 (in
909 4059 982 4114 0118.
1001 4076 1097 4114 881818.
1117 4077 1144 4128 8.
1164 4061 1198 4114 55
1217 4077 1257 4128 sq.
1276 4060 1399 4126 inserta),

169 4165 228 4216 qua
251 4148 403 4216 ‘aorophan'
429 4147 708 4216 (camelopardalem),
737 4147 911 4216 elephantos,
940 4148 1099 4213 crocodilos,
1124 4166 1191 4216 quos
1215 4149 1245 4202 in
1271 4151 1400 4218 Aegypto

170 4236 289 4301 uiderat,
308 4236 430 4305 depictos
449 4237 475 4291 ei
493 4236 579 4290 misit.
607 4236 694 4290 etiam
711 4236 738 4292 h.
754 4237 772 4289 l.
791 4239 872 4292 notat
890 4237 939 4292 ille
958 4237 1057 4292 codicis
1076 4237 1177 4291 scriba:
1198 4238 1252 4292 ‘hie
1269 4237 1400 4291 deficiunt

169 4323 308 4394 imagines
330 4326 495 4381 animalium
513 4323 734 4395 praedictorum?
771 4326 889 4396 insignis
908 4331 1003 4381 autem
1022 4327 1081 4381 8188
1098 4325 1232 4395 pingendi
1251 4343 1294 4379 818
1313 4355 1348 4362 -
1366 4329 1399 4380 81

171 4414 260 4469 solent
287 4415 363 4469 illius
387 4415 488 4471 8818118
514 4415 568 4469 8111
596 4414 717 4470 litterati
743 4415 837 4469 nimiis
864 4415 993 4469 laudibus
1020 4414 1140 4470 inuicem
1163 4431 1191 4469 se
1215 4414 1344 4469 extollere
1365 4443 1398 4453 —

170 4502 302 4558 laudatur
324 4504 355 4557 in
373 4504 493 4573 epistula
511 4504 632 4573 quadam
650 4505 686 4559 ab
704 4504 826 4558 Oliucrio
845 4507 901 4558 not.
923 4504 973 4558 108
992 4503 1069 4558 edita
1092 4503 1150 4568 (ubi
1174 4503 1259 4557 etiam
1282 4504 1399 4558 camelo·

170 4592 292 4660 pardalis
315 4592 408 4662 imago
431 4593 678 4662 commemoratur),
703 4593 747 4648 cui
771 4592 840 4647 adde
865 4592 956 4646 Caroli
975 4592 1097 4647 Arretini
1122 4610 1232 4646 carmen
1254 4593 1358 4662 partim
1381 4611 1399 4648 a
