3254 5040
784 282 829 350 54

194 479 371 564 inrepsisse
395 478 626 563 suspicandum
644 483 701 563 est,
725 477 794 543 siue
818 477 904 560 quod
920 498 960 543 ex
984 476 1164 543 sententiae
1188 497 1311 542 conexu
1335 496 1419 541 com·

195 584 290 651 mode
318 585 458 651 librariis
483 606 519 652 se
543 584 730 670 offerebant,
758 584 828 651 siue
856 605 929 650 oum
957 585 990 648 in
1018 582 1196 650 deteriores
1224 589 1351 648 nostros
1380 604 1421 648 ex

196 693 260 758 alio
294 691 408 758 codice
439 691 527 758 illius
560 691 754 758 scholiorum
786 691 925 776 exempli
958 691 1111 756 similiore
1142 689 1419 776 interpolarentur.

196 805 271 866 sunt
294 807 403 866 autem
428 838 468 846 -
492 798 616 865 leuiora
639 799 750 864 omitto
775 837 817 847 —
841 797 863 861 6
888 801 938 884 16,
967 797 1022 864 ubi
1049 801 1129 883 quod
1156 819 1214 883 pro
1238 819 1367 883 qucruru
1391 803 1422 864 et

196 912 326 992 propter
353 906 478 973 litteras
502 907 570 973 fere
594 906 727 972 easdem
751 912 782 973 et
804 911 936 991 propter
959 925 1088 972 sensum
1116 904 1295 971 faciliorem
1318 904 1423 990 potuit

195 1015 356 1099 inrepere,
393 1034 466 1079 cum
496 1014 588 1079 nocis
620 1014 701 1098 quod
731 1012 803 1079 loco
840 1011 981 1098 positam
1013 1032 1087 1079 esse
1119 1035 1247 1097 quoruru
1282 1018 1423 1096 nequeat

198 1120 341 1204 cogitari.
373 1118 471 1186 1413
494 1141 552 1206 pro
575 1129 734 1186 uenustutc
749 1158 789 1166 -
805 1118 930 1187 scilicet
954 1140 1026 1186 cum
1048 1120 1152 1186 minus
1175 1120 1320 1206 placeret
1342 1118 1424 1185 illud

196 1227 306 1313 Urion,
331 1226 483 1312 ‘perdidit
506 1228 671 1311 antiquum
693 1227 802 1293 littera
815 1228 920 1312 prima
944 1227 1064 1293 sonum’
1091 1226 1199 1309 (Ouid.
1212 1227 1234 1292 1⁰.
1251 1228 1363 1308 auris)
1382 1264 1421 1274 -

198 1340 233 1399 ut
263 1342 412 1399 uetustate
444 1334 644 1419 scriberetur,
681 1334 872 1420 praesertim
906 1355 979 1399 cum
1011 1340 1164 1417 sequatur
1200 1335 1423 1419 cancerauma,

199 1440 296 1506 facile
327 1441 431 1526 potuit
462 1441 541 1509 lieri.
589 1440 609 1505 2
639 1444 656 1507 l
690 1445 770 1526 quod
799 1450 834 1506 ut
865 1440 895 1507 ei
929 1462 1025 1525 quam
1048 1443 1088 1504 M
1094 1441 1171 1507 ²FN
1174 1443 1203 1506 U
1228 1447 1260 1508 et
1294 1448 1423 1507 ceterae

199 1551 315 1632 anteii
343 1547 416 1616 edd.
447 1569 518 1613 cum
552 1548 684 1615 scholiis
718 1549 870 1615 exhibent
901 1548 1033 1614 lectioni
1063 1551 1148 1614 uelut
1178 1547 1306 1614 uidetur
1334 1555 1423 1614 ante·

198 1655 390 1741 ponendum,
422 1661 490 1721 tum
516 1659 560 1721 itu
588 1654 794 1722 scribendum
824 1656 867 1740 [id
894 1655 1027 1735 scholia,
1060 1659 1161 1740 itaque
1188 1655 1275 1739 quod
1302 1654 1424 1740 Hygini

198 1763 345 1850 plerique
369 1762 499 1829 cedices
522 1762 643 1829 habent
666 1763 699 1828 ni
721 1761 818 1828 fallor
844 1763 988 1848 inrepsit,
1018 1782 1089 1828 cum
1112 1763 1148 1827 id
1170 1763 1257 1846 qued
1280 1762 1425 1846 sequitur

200 1871 281 1956 quod
302 1868 386 1936 falso
409 1890 467 1954 pro
490 1869 651 1955 particula
673 1869 867 1954 habereturl.

288 2047 358 2112 Iam
389 2046 692 2131 transgrediendum
725 2055 776 2114 est
808 2047 853 2113 ad
885 2069 941 2115 eos
973 2047 1076 2133 locos,
1116 2048 1231 2132 quibus
1264 2046 1368 2114 codex
1400 2049 1426 2111 Y

200 2175 332 2240 prorsus
361 2175 381 2219 a
409 2153 523 2220 codice
545 2157 582 2219 X
606 2154 779 2221 abhorreat
807 2161 839 2220 et
866 2155 912 2220 ita
940 2153 1078 2238 quidem,
1107 2162 1142 2220 ut
1169 2154 1326 2220 lectiones
1355 2155 1425 2221 eius

202 2268 258 2327 aut
285 2260 457 2328 manifeste
485 2262 549 2327 sint
576 2260 739 2347 meliores,
771 2269 828 2327 aut
855 2269 942 2328 certe
969 2282 1033 2326 non
1060 2262 1203 2327 habeant
1233 2282 1289 2326 cur
1319 2262 1424 2346 inpro-

202 2369 324 2454 bantur,
350 2388 422 2433 cum
436 2374 544 2434 autem
567 2367 681 2435 codice
704 2369 769 2434 sint
790 2367 931 2435 traditae
954 2369 1090 2453 uulgata
1112 2369 1267 2434 memoria
1282 2375 1330 2433 tot
1343 2369 1425 2434 locis

202 2476 446 2561 praestantiore,
470 2482 502 2541 et
515 2476 609 2561 ipsae
623 2475 819 2559 integritatis
835 2476 868 2539 in
883 2476 1068 2542 uniuersum
1082 2477 1260 2561 praebeant
1274 2477 1426 2561 speciem.

201 2582 286 2648 hano
318 2603 383 2647 non
413 2582 511 2667 plane
542 2590 663 2648 certam
696 2603 770 2648 esse
801 2582 960 2647 rationem
992 2590 1243 2650 consentaneum
1276 2589 1334 2668 est,
1365 2604 1426 2648 neo

202 2709 279 2755 uero
303 2689 370 2754 alia
392 2688 468 2756 licet
490 2689 547 2768 uti,
578 2710 650 2755 cum
673 2690 706 2754 in
730 2709 768 2755 eo
793 2689 847 2773 qui
870 2709 953 2754 nunc
980 2696 1112 2774 praesto
1136 2696 1186 2756 est
1208 2690 1426 2756 subsidiorum

203 2803 371 2883 apparatu,
394 2803 461 2862 tum
483 2797 516 2861 in
539 2797 600 2862 hoc
624 2797 789 2882 scriptore,
813 2797 846 2862 in
861 2817 923 2880 quo
947 2797 1000 2863 uel
1024 2797 1179 2882 optimum
1202 2796 1347 2864 codicem
1361 2818 1426 2862 non

204 2904 350 2970 omnihus
379 2926 420 2970 ex
447 2904 595 2989 partibus
626 2904 742 2970 ceteris
774 2904 938 2969 meliorem
971 2923 1045 2970 esse
1077 2924 1118 2969 ex
1149 2904 1324 2970 memoriae
1357 2904 1427 2970 eius

205 3010 394 3076 condicione
417 3009 606 3077 sumendum
629 3017 687 3077 est.

294 3133 524 3201 Conlocaticne
545 3137 716 3202 uerborum
730 3135 785 3218 qui
799 3135 864 3200 loci
877 3155 898 3199 a
911 3134 1046 3219 uulgata
1068 3133 1208 3201 lectione
1223 3133 1426 3223 recedant¹⁸)

205 3262 392 3308 enumerare
419 3241 550 3326 longum
579 3248 640 3328 est,
669 3243 751 3308 satis
775 3242 818 3307 sit
845 3242 1017 3326 protulisse
1044 3262 1166 3327 paucos
1195 3242 1282 3328 illos,
1312 3241 1428 3326 quibus

205 3348 326 3416 codicis
360 3352 388 3413 Y
411 3350 507 3416 lectio
536 3349 632 3415 certis
660 3349 768 3414 causis
795 3348 961 3433 probetur:
995 3348 1084 3416 310
1110 3352 1188 3415 ulter
1215 3351 1324 3415 boreus
1351 3352 1429 3415 ulter

204 3461 315 3539 actius,
339 3457 400 3523 hoc
424 3457 510 3524 enim
533 3455 645 3522 ordine
665 3455 815 3539 Hyginus
838 3455 872 3519 in
895 3476 924 3520 u.
947 3455 1049 3539 inseq.
1072 3457 1179 3541 pergit
1202 3461 1234 3522 et
1258 3455 1372 3523 eodem
1395 3456 1429 3522 in

206 3564 362 3649 epitomes
392 3570 424 3630 et
451 3562 645 3630 scholiorum
668 3561 774 3629 Germ.
803 3562 962 3645 catalogis
989 3562 1156 3646 utriusque
1184 3562 1285 3649 piscis
1313 3562 1429 3629 stellae

207 3679 440 3737 enumerantur.
486 3668 531 3733 20
554 3674 573 3737 8
598 3675 678 3736 iuter
703 3670 927 3755 Capricornum
950 3678 979 3734 et
999 3670 1182 3756 Aquarium,
1204 3691 1281 3735 nam
1303 3669 1430 3736 zodiaci

207 3778 301 3862 signa
325 3779 366 3844 ab
389 3776 519 3862 Hygino
543 3796 670 3862 semper
693 3797 751 3842 suc
776 3776 889 3842 ordine
912 3776 1108 3862 adferuntur,
1133 3797 1160 3844 e.
1177 3797 1205 3860 g.
1220 3777 1269 3841 ΠΙ
1283 3779 1326 3843 39
1349 3780 1430 3843 iuter

206 3888 339 3951 Lcoueru
367 3894 395 3950 ct
428 3887 593 3967 Hirpinum,
621 3884 760 3968 Aquario
788 3893 817 3949 et
842 3885 992 3967 Piscibus,
1022 3886 1061 3951 31
1089 3884 1255 3970 Scorpione
1281 3885 1430 3968 6186911-

208 3997 297 4075 turi0,
322 3996 362 4059 21
387 3996 468 4057 iuter
494 3994 633 4056 Taururu
657 3999 686 4056 et
709 3992 862 4056 Geminos.

295 4117 403 4200 Magis
430 4117 586 4182 incertum
614 4121 673 4194 est,
707 4116 785 4199 quid
813 4115 1020 4182 iudicandum
1048 4116 1091 4183 sit
1118 4115 1159 4182 de
1187 4116 1229 4183 iis
1256 4115 1346 4202 locis,
1375 4116 1432 4183 ubi

301 4403 336 4474 ¹⁸)
355 4404 476 4470 Quorum
500 4403 647 4456 nonnullos
670 4401 834 4456 scholiastae
857 4400 912 4469 (uel
931 4401 1095 4456 scholiorum
1113 4401 1243 4470 librariis)
1266 4402 1358 4457 deberi
1376 4420 1432 4458 non

208 4498 250 4550 est
269 4513 316 4549 eur
334 4510 474 4562 negemus,
493 4510 519 4545 u.
539 4508 621 4561 supra
639 4509 666 4560 p.
680 4493 723 4545 43.
744 4519 777 4528 -
796 4492 917 4544 ceterum
935 4507 1032 4545 moneo
1051 4490 1268 4545 conlocationem
1285 4492 1432 4547 uerborum

208 4585 237 4639 in
256 4586 307 4638 hoc
325 4583 395 4637 libro
413 4581 573 4651 Hyginiano
592 4579 763 4634 multimodis
782 4580 926 4635 abhorrere
944 4598 961 4635 a
979 4579 1108 4649 legitima
1127 4582 1156 4635 et
1174 4580 1323 4635 commoda.
