3254 5040
745 328 788 394 35

148 525 304 610 ‘harpen',
331 524 494 609 proprium
517 522 599 587 illud
622 523 733 588 Persei
760 522 869 588 ‘telum
897 521 1118 602 falcatum'14).
1164 522 1205 587 de
1227 522 1377 587 manibus

148 638 262 697 autem
300 631 396 696 facile
428 630 532 715 potuit
565 629 722 714 Cyriacus
755 649 863 695 errare
897 634 929 695 et
961 628 1043 694 illud
1075 629 1176 694 telum
1214 627 1377 711 ‘gladium'

151 739 328 816 nominare,
362 758 433 804 cum
466 736 649 803 accuratius
682 736 814 802 deberet
846 735 1010 802 ‘falcatum
1043 737 1162 802 ensem’
1195 735 1254 814 (sic
1283 733 1378 800 Ouid.

149 851 226 911 met.
249 848 279 929 4,
297 849 384 925 121).
428 864 488 909 666
512 864 598 927 uero,
623 843 651 909 si
674 843 707 908 in
730 844 847 928 ipsoC
868 842 998 926 gladius
1021 863 1080 927 pro
1103 841 1168 907 telo
1191 841 1248 906 illo
1271 841 1378 927 pictus

154 952 223 1037 fuit,
246 952 279 1016 in
302 952 487 1018 uniuersum
510 951 608 1015 etiam
631 950 714 1015 inter
736 949 896 1033 imagines
919 950 1007 1016 illius
1031 949 1154 1015 codicis
1176 955 1207 1014 et
1220 948 1380 1013 Britanni·

148 1078 264 1123 corum
291 1065 415 1123 tantam
443 1056 684 1123 similitudinem
712 1056 936 1123 intercessisse
962 1057 1039 1124 licet
1067 1076 1198 1140 negare,
1225 1061 1377 1137 quantam

149 1165 237 1229 inter
263 1165 353 1250 ipsos
382 1163 511 1230 codices
535 1163 635 1229 fuisse
664 1163 815 1229 carminis
839 1183 999 1247 uersuum,
1027 1183 1107 1245 quos
1132 1162 1289 1247 Cyriacus
1314 1183 1378 1229 scr-

149 1271 254 1355 uauit,
279 1270 509 1356 conparatione
532 1270 615 1334 ultro
639 1270 801 1353 probatur.

243 1377 293 1441 Ex
316 1377 367 1442 his
389 1377 414 1440 ii
437 1374 666 1460 tantummodo,
695 1376 751 1457 qui
778 1375 820 1440 ad
844 1376 999 1441 Perseum
1026 1376 1187 1461 pertinent
1210 1375 1380 1461 (20-26),

150 1503 229 1547 cnm
253 1482 366 1548 codice
388 1483 418 1546 A
442 1482 613 1567 conparari
636 1488 780 1566 possunt,
804 1503 876 1547 cum
891 1482 1027 1566 Aquarii
1050 1503 1162 1549 uersus
1186 1485 1323 1564 (55—8)
1347 1483 1381 1547 in

150 1609 194 1653 eo
227 1609 290 1654 uno
324 1589 400 1654 folio
433 1589 555 1655 amisso
589 1588 818 1656 interciderint.
876 1588 934 1655 sed
968 1589 1111 1674 suppetit
1142 1588 1245 1654 codex
1276 1593 1308 1653 D
1341 1611 1381 1656 ex

150 1694 271 1760 eodem
308 1700 405 1778 atque
442 1694 472 1758 A
513 1695 689 1779 archetypo
727 1701 829 1780 ortus,
876 1716 971 1779 quem
1007 1695 1249 1762 recentissimus
1286 1696 1381 1763 huius

149 1802 310 1866 carminis
334 1800 438 1866 editor
460 1801 551 1868 Aem.
568 1801 715 1867 Bahrens
737 1803 859 1886 primus
883 1801 1039 1868 adhibuit.
1054 1839 1098 1849 —
1113 1802 1244 1868 eosdem
1267 1823 1381 1869 uersus

152 1907 278 1974 codicis
306 1909 336 1972 A
363 1908 560 1991 imaginibus
593 1908 792 1993 subscriptos
825 1907 926 1975 fuisse
958 1909 1023 1973 iam
1054 1909 1164 1973 monui
1196 1912 1285 1994 (pag.
1316 1912 1382 1992 28),

111 2073 113 2078 .
149 2015 259 2080 maior
285 2021 393 2081 autem
422 2035 495 2080 cum
524 2015 566 2080 sit
594 2015 641 2081 eis
675 2015 850 2081 similitudo
879 2036 950 2081 cum
979 2014 1102 2081 codicis
1130 2019 1162 2079 D
1188 2015 1381 2081 lectionibus

156 2122 211 2206 (cf.
249 2143 280 2189 u.
315 2125 357 2187 22
393 2122 541 2206 6666615),
572 2125 691 2206 palent,
729 2125 772 2188 20
802 2144 933 2207 perseam
970 2120 1016 2208 66)
1054 2138 1151 2205 quam
1188 2143 1260 2187 cum
1295 2122 1381 2208 l⁴1²⁶),

152 2227 230 2294 hinc
253 2249 381 2312 quoque
403 2229 602 2312 intellegitur
626 2228 815 2294 codicemC
836 2227 982 2295 eiusdem
1005 2228 1136 2312 quidem
1151 2248 1224 2294 esse
1248 2230 1382 2312 originis

150 2355 227 2399 cum
272 2335 392 2401 nostris
438 2335 605 2401 codicibus
644 2372 686 2383 -
726 2336 872 2420 inprimis
919 2335 1068 2402 conferas
1112 2335 1256 2419 ineptum
1301 2336 1382 2401 illud

151 2445 261 2508 maltis
292 2440 325 2505 in
357 2441 459 2526 primo
491 2441 626 2524 Aquarii
658 2461 764 2526 uersu,
795 2462 825 2506 u.
860 2445 902 2508 58
935 2464 1075 2526 corpore,
1109 2445 1148 2507 21
1183 2443 1382 2527 2666666611),

247 2686 282 2755 ¹⁴)
300 2690 359 2743 Hoc
377 2690 465 2743 telum
484 2690 578 2743 eadem
598 2691 640 2743 est
658 2689 746 2743 forma
764 2690 794 2742 in
813 2689 903 2744 Grotii
921 2690 979 2744 cod.
998 2689 1113 2744 Susiano
1132 2690 1218 2755 (Grot.
1237 2689 1381 2760 Syntagm.

155 2777 202 2829 Ar.
221 2795 248 2846 p.
267 2777 320 2843 41),
340 2780 436 2832 contra
453 2777 483 2830 in
502 2779 641 2832 ueteribus
660 2777 766 2846 Hygini
785 2777 952 2832 editionibus
971 2778 1096 2847 gladium
1115 2778 1252 2832 aduncum
1271 2780 1382 2834 Perseus

150 2868 257 2934 gestat.
270 2895 300 2902 -
314 2869 437 2920 ceterum
450 2865 480 2919 in
494 2866 556 2935 ipsa
570 2866 741 2934 antiquitate
755 2866 909 2936 ambigitur
921 2866 995 2921 iuter
1008 2867 1116 2931 falcem,
1135 2884 1227 2922 ensem
1240 2867 1382 2933 falcatum,

154 2971 255 3018 ensem,
278 2953 729 3024 61.Ρ661166661662.Μ622.ΙΙ8
752 2974 778 3025 6.
799 2956 833 3009 66
852 2975 878 3009 6.
898 2957 923 3010 2.
959 2956 990 3009 16
1013 2955 1087 3011 uasis
1109 2956 1240 3010 fictilibus
1262 2958 1381 3026 plerum-

150 3060 209 3111 que
233 3047 371 3110 quantnm
399 3043 479 3098 uideo
506 3043 606 3098 falcem
628 3047 725 3099 tenens
748 3043 871 3114 fingitur.
910 3045 968 3099 eius
991 3045 1065 3113 quod
1087 3045 1117 3099 in
1139 3047 1198 3098 ΑΚ
1216 3049 1245 3100 62
1268 3045 1383 3100 Susiano

150 3132 240 3186 habet
263 3132 313 3187 teli
340 3132 514 3187 simillimum
536 3132 633 3187 inueni
655 3133 686 3187 in
710 3136 814 3188 cratere
837 3133 957 3201 quodam
980 3134 1015 3188 ab
1039 3133 1140 3188 Ottone
1162 3134 1232 3188 Iahn
1255 3135 1329 3189 edito
1352 3135 1383 3188 in
1414 3152 1424 3167 ·

152 3220 295 3290 Philologi
318 3221 373 3275 nol.
393 3222 426 3273 27
450 3222 508 3276 262.
527 3222 540 3276 Ι
558 3222 606 3291 fig.
625 3223 650 3277 3.
688 3221 722 3276 cf.
740 3223 861 3276 Roscher
884 3223 936 3276 Die
958 3222 1105 3292 Congonen
1127 3222 1184 3276 und
1203 3223 1383 3278 Verwandtes

153 3327 181 3378 p.
198 3311 257 3364 115.
289 3326 340 3364 666
357 3327 423 3364 uero
441 3310 475 3365 de
493 3328 605 3376 conexu,
624 3311 673 3379 qui
687 3311 760 3365 inter
778 3310 902 3365 codicum
916 3312 1082 3365 Arateorum
1100 3312 1236 3380 imagines
1251 3316 1279 3366 et
1293 3313 1383 3381 ipsam

154 3401 245 3452 artem
273 3399 419 3467 antiquam
450 3399 598 3454 intercedit
626 3429 657 3438 -
687 3400 764 3453 cuins
792 3401 833 3454 rei
861 3400 952 3455 Persei
979 3400 1115 3470 imagines
1142 3401 1290 3455 manifesto
1317 3407 1383 3456 sunt

151 3488 279 3556 exemplo
298 3520 331 3529 —
351 3505 424 3542 nunc
442 3487 629 3543 disserendum
648 3492 697 3543 662.

247 3592 283 3660 ¹⁶)
302 3613 356 3663 666
370 3596 412 3648 662
424 3594 635 3661 restituendum,
649 3595 722 3663 qnod
736 3598 802 3649 ante
816 3595 997 3649 Bahrensium
1011 3595 1068 3648 iam
1082 3595 1124 3650 ed.
1140 3595 1246 3649 Morelii
1260 3596 1382 3665 praebet,

151 3683 190 3737 cf.
210 3684 287 3739 Anat.
306 3701 332 3736 u.
352 3683 404 3737 250
424 3679 449 3733 ἐν
467 3681 554 3752 66626,
573 3683 672 3738 Α6166.
691 3684 744 3737 563
762 3687 811 3737 sub
827 3687 924 3750 flabris
943 3686 1086 3752 66611οηὶ6.

248 3787 282 3853 ¹⁰)
310 3789 405 3843 Etiam
431 3789 462 3843 in
484 3793 512 3842 D
539 3807 648 3844 carmen
675 3789 749 3844 binis
776 3789 909 3843 columnis
937 3789 1071 3859 scriptum
1098 3790 1207 3844 easdem
1234 3791 1263 3843 in
1290 3795 1382 3860 partes

151 3878 277 3932 diuisum
295 3881 338 3932 662
355 3878 511 3932 nominibus
530 3878 672 3947 signorum
695 3879 776 3932 rubro
795 3879 884 3932 colore
901 3878 976 3932 inter
993 3878 1118 3948 singulas
1137 3878 1296 3935 interiectis.
1334 3898 1384 3936 nec

153 3971 251 4022 tamen
264 3966 445 4021 Uercellensis
464 3983 498 4021 ex
509 3967 570 4034 ipso
585 3970 612 4020 D
631 3966 719 4032 fluxit,
739 3967 842 4036 quippe
861 3967 909 4035 qui
928 3966 1038 4021 scholiis
1052 3970 1081 4022 62
1093 3967 1262 4036 imaginibus
1281 3973 1382 4024 careat.

248 4071 283 4140 17)
302 4073 415 4126 Falsum
428 4072 458 4126 id
472 4089 528 4126 6666
547 4072 644 4138 elucet,
664 4073 848 4138 sed-dubites,
867 4078 962 4128 utrum
981 4092 1043 4128 cum
1061 4075 1197 4144 prioribus
1216 4074 1383 4129 editionibus

153 4166 260 4217 ameris
277 4162 386 4225 scribas,
408 4179 445 4215 an
464 4178 527 4215 cum
545 4161 693 4215 Bdhrensio
713 4181 812 4217 umero.
849 4162 920 4216 illud
938 4163 1043 4230 malim,
1063 4181 1125 4217 cnm
1143 4163 1245 4216 Auieni
1264 4163 1300 4228 (n.
1320 4163 1383 4229 262)

152 4251 323 4306 auctoritate
336 4251 467 4314 firmetur,
496 4267 578 4318 quem
593 4250 730 4304 Ciceronis
746 4251 826 4305 Arati
844 4252 972 4306 habuisse
985 4252 1122 4307 rationem
1141 4251 1238 4305 multis
1252 4252 1384 4319 exemplis

155 4341 297 4410 probatur,
320 4357 376 4407 qua
399 4339 433 4393 de
451 4356 480 4394 re
498 4339 577 4394 Cust.
596 4339 662 4408 Sieg
685 4340 725 4393 De
744 4339 871 4394 Cicerone
890 4341 1052 4395 Germanico
1070 4341 1177 4394 Auieno
1197 4340 1276 4393 Arati
1299 4340 1383 4394 inter-

152 4430 281 4500 pretibus
303 4428 381 4482 Hulis
405 4427 475 4482 1886
497 4426 553 4496 (pp.
573 4428 616 4482 31.
635 4428 684 4495 44)
710 4429 823 4483 breuius
850 4429 917 4499 egit.
960 4429 992 4483 cf.
1016 4430 1094 4483 Arai.
1114 4430 1166 4482 249
1192 4425 1325 4496 &supetat
1354 4432 1383 4482 et

156 4519 300 4574 Eudoxum
320 4536 363 4586 ap.
382 4517 532 4585 Hipparch.
568 4535 595 4586 p.
618 4518 667 4571 176
684 4519 711 4571 Α
730 4518 836 4584 (Petan.
856 4517 1015 4586 Uranolog.)
1034 4518 1102 4587 παρὰ
1121 4515 1146 4567 δὲ
1164 4516 1220 4576 τοὺς
1239 4513 1317 4576 πόδας
1335 4523 1384 4588 τῆς

152 4603 360 4677 Ἀνδρομέδαςηὸ
380 4602 490 4675 Περσεὺς
509 4601 562 4675 ἔχει
580 4605 651 4666 τοὺς
670 4601 778 4677 ὤμους.

1170 4693 1217 4747 3³*
