3254 5040
787 218 829 283 ’16

197 411 349 478 aeneid
371 411 500 496 quidem
524 413 634 497 aliqua
651 434 722 478 oum
736 412 965 497 probabilitate
988 411 1064 478 licet
1087 411 1245 499 suspicari
1268 416 1427 496 quartam

195 519 367 606 perten³⁸)
390 541 455 585 una
479 541 551 586 cum
573 520 670 586 tertia
693 539 768 586 esse
791 525 903 586 ortam.

287 628 372 692 Inter
396 627 478 694 duas
502 626 543 693 de
567 627 669 710 signis
694 627 987 703 commentationes,
1018 647 1102 709 quae
1125 625 1299 692 secundam
1322 625 1427 691 huius

197 735 340 820 sylloges
363 742 489 821 partem
504 734 657 819 efficiunt,
680 740 903 820 excerptum
927 733 973 800 de
996 733 1260 817 astrologia⁸⁰l
1284 740 1316 800 et
1331 732 1427 818 quod

195 952 279 1005 libros
298 951 446 1019 accepisset
470 952 520 1004 aut
537 949 595 1018 ipsc
614 967 647 1004 ex
666 950 756 1004 Plinio
779 951 848 1004 haec
866 950 966 1005 tertiae
988 949 1075 1019 partis
1098 949 1192 1019 capita
1214 948 1351 1018 excerpsit
1370 952 1427 1005 aut

197 1041 348 1094 amicorum
368 1039 478 1094 cuidam
495 1040 540 1092 uel
560 1039 753 1108 discipulorum
777 1040 943 1108 eonpilamla
961 1040 1113 1094 mandauit.
1151 1041 1179 1094 et
1197 1039 1288 1094 Bedae
1305 1039 1426 1107 quidem

195 1130 224 1182 in
245 1131 295 1183 hae
314 1132 393 1198 parte
411 1131 487 1182 certa
505 1128 626 1198 uestigia
643 1147 699 1182 non
718 1131 835 1193 exstant,
860 1132 954 1182 tamen
973 1129 998 1182 ei
1017 1130 1065 1197 qui
1084 1146 1116 1182 ex
1136 1128 1221 1182 Plinii
1239 1127 1286 1181 lib.
1304 1128 1331 1181 H
1351 1128 1426 1182 haec

196 1219 331 1286 excerpsit
349 1217 439 1272 Bedao
458 1218 491 1272 de
509 1220 567 1272 nat.
587 1235 637 1271 rer.
656 1218 766 1271 libellus
790 1217 900 1272 uidetur
924 1220 989 1272 ante
1013 1219 1104 1272 oculos
1127 1218 1219 1272 fuisse.
1251 1217 1325 1271 Beda
1344 1217 1424 1272 enim

195 1308 311 1361 eundern
340 1307 425 1360 Plinii
454 1307 555 1361 librum
582 1308 617 1360 ad
645 1307 725 1361 illum
748 1307 875 1361 libellum
902 1308 1108 1377 conponendam
1133 1306 1272 1372 adhibuit,
1300 1309 1332 1360 ut
1360 1306 1425 1376 ipse

195 1399 315 1450 testatur
330 1397 365 1450 ad
379 1415 400 1450 c.
420 1397 450 1449 ll
470 1395 513 1462 (de
527 1396 666 1450 absidibus
684 1397 885 1465 planetarumlz
905 1397 1065 1464 ‘dequibus
1085 1396 1108 1449 si
1126 1395 1234 1465 plenius
1253 1395 1320 1449 scire
1339 1395 1421 1460 uelis,

197 1487 258 1554 lege
277 1486 399 1540 Plinium
418 1486 579 1548 Secundum,
609 1504 641 1540 ax
665 1503 719 1554 quo
742 1489 770 1539 et
791 1486 846 1539 ista
869 1504 918 1539 nos
940 1486 1129 1555 excerpsimus’
1154 1485 1307 1554 [praeterea
1329 1485 1423 1539 solum

197 1576 308 1630 uidetur
327 1576 484 1629 adhibuisse
503 1576 637 1629 Isidorum
656 1575 731 1629 etin
750 1594 772 1628 c.
791 1575 826 1628 47
846 1575 916 1628 Plin.
936 1575 983 1629 lib.
1004 1577 1041 1628 Vl
1061 1574 1224 1642 ela-2⁴20}
1261 1575 1299 1628 eis
1323 1577 1422 1629 autem

197 1665 296 1732 quibus
315 1665 348 1718 de
366 1665 485 1732 planetis
505 1665 565 1733 agit
584 1664 721 1733 capitibus
745 1664 890 1718 12-1416
910 1666 1002 1727 10120
1023 1665 1152 1719 Pliniana
1170 1664 1303 1718 nonnulla
1321 1663 1421 1718 Isidori

196 1754 254 1807 loco
277 1753 416 1821 adspersa)
440 1771 502 1806 cum
525 1755 618 1806 nostro
641 1757 767 1821 excerpto
791 1771 823 1807 ea
846 1753 993 1808 intercedit
1015 1754 1094 1818 ratic,
1120 1756 1152 1807 ut
1174 1771 1263 1821 neque
1281 1753 1356 1806 Beda
1375 1770 1421 1807 ex-

196 1846 320 1910 cerptum
339 1845 404 1895 ante
423 1843 515 1894 oculos
538 1841 666 1895 habuerit
686 1870 717 1878 —
738 1841 771 1896 de
789 1842 885 1896 multis
904 1842 977 1896 enim
995 1843 1075 1897 rebus
1094 1842 1124 1895 in
1140 1843 1189 1895 illo
1208 1842 1278 1896 libro
1296 1841 1365 1910 agit,
1386 1842 1422 1896 de

196 1932 296 2000 quibus
319 1931 348 1984 in
372 1934 499 1999 excerpto
522 1930 601 1996 nihil,
625 1948 677 1984 nec
697 1948 760 1985 raro
778 1932 811 1985 de
834 1932 954 2000 planetis
977 1933 1039 2001 plus
1062 1933 1147 1986 habet
1170 1931 1311 1986 ex-Plinio
1334 1949 1421 1998 quam

196 2024 354 2090 excerptum
373 2050 415 2086 -,
443 2038 531 2088 neque
555 2020 578 2072 is
602 2019 651 2087 qni
674 2023 832 2089 excerptum
860 2021 976 2075 confecit
999 2022 1102 2076 Bedam
1125 2022 1212 2075 solum
1238 2020 1420 2089 exscripserit,

196 2129 259 2164 cum
277 2111 366 2164 11111110
384 2111 464 2178 plura
477 2109 510 2163 de
524 2109 644 2178 planetis
662 2110 764 2164 habeat
779 2110 907 2164 Pliniana
921 2130 1005 2179 quam
1020 2111 1102 2177 Beda,
1122 2114 1150 2165 et
1163 2114 1257 2166 tannen
1275 2110 1420 2176 nonnulla,

197 2199 323 2269 inprimis
342 2199 394 2254 loci
413 2199 535 2252 Pliniani
553 2199 654 2264 omissi,
674 2198 785 2267 utrique
803 2200 958 2254 communia
977 2200 1041 2255 sint.

288 2286 322 2356 ³⁸)
342 2288 432 2342 Codex
450 2289 473 2341 S
488 2305 549 2341 earn
567 2290 679 2341 tantum
697 2287 762 2342 libri
780 2288 872 2342 XVIII
895 2291 1003 2357 partem
1026 2289 1145 2353 exhibet,
1170 2307 1225 2357 qua
1244 2289 1277 2342 de
1295 2287 1419 2357 ipsorum

196 2378 315 2431 siderum
329 2377 411 2442 (solis,
431 2378 521 2443 lunae,
540 2377 694 2443 stellarum)
709 2377 860 2446 praesagiis
874 2377 969 2447 agitur
983 2378 1134 2443 (alo-353
1148 2378 1238 2443 med),
1257 2380 1318 2431 AM
1331 2376 1421 2432 etiam

196 2467 304 2535 reliqua
313 2468 416 2521 habent
430 2467 463 2520 de
477 2467 627 2535 praesagiis
642 2467 764 2530 nubium,
780 2466 897 2536 ignium,
913 2485 1054 2534 aquarum,
1069 2471 1119 2522 etc.
1130 2467 1288 2521 —initium
1302 2471 1421 2535 quartae

195 2557 277 2610 huius
300 2556 387 2625 partis
410 2556 439 2609 in
458 2557 483 2608 A
506 2573 568 2610 eum
591 2556 657 2624 ipsis
680 2556 803 2630 uersibus
822 2556 962 2610 all-371
987 2556 1115 2610 carminis
1135 2556 1266 2621 Tulliani,
1289 2555 1366 2611 cuius
1392 2556 1421 2609 in

195 2646 367 2716 marginibus
381 2646 450 2699 hacc
463 2645 592 2698 Pliniana
610 2645 713 2714 scripta
731 2648 804 2709 sunt,
822 2645 903 2700 hodIe
922 2646 1094 2714 deperditum
1113 2646 1185 2707 (cum
1204 2645 1267 2699 aliis
1280 2645 1421 2698 nonnullis

196 2753 267 2803 qnae
285 2735 458 2804 praecedunt,
482 2752 508 2787 u.
529 2734 597 2788 Ottl.
616 2734 634 2787 l.
659 2753 680 2789 c.
700 2753 725 2803 p.
754 2736 801 2788 158
821 2736 874 2802 sq.)
894 2735 1045 2804 apographi
1065 2738 1184 2799 tantum,
1207 2734 1283 2788 Harl.
1302 2734 1371 2786 2506
1391 2737 1422 2788 et

197 2827 228 2877 Κ
247 2827 427 2878 seruauerunt
450 2823 562 2893 (Vogels
581 2822 599 2876 l.
620 2841 640 2876 c.
661 2841 686 2891 p.
708 2821 743 2890 6),
771 2824 819 2891 qui
844 2824 983 2892 incipiunt
1005 2824 1020 2890 ἓ
1041 2825 1091 2878 312
1115 2826 1207 2877 Porus
1230 2827 1331 2889 oriens,
1356 2841 1418 2876 cum
1520 2821 1521 2824 ’

196 2915 249 2967 MS
264 2913 349 2968 etiam
367 2913 604 2981 paragraphorum
623 2912 676 2965 340
693 2914 784 2966 01341
805 2914 939 2966 nonnulla
957 2913 1086 2967 habeant.
1123 2912 1188 2966 inde
1207 2931 1224 2967 a
1242 2913 1257 2979 ξ
1278 2913 1328 2966 351
1347 2913 1418 2966 med.

196 3004 254 3072 ipse
272 3005 298 3055 A
316 3001 446 3055 Pliniana
467 3001 558 3054 habet.
596 3002 665 3055 haec
688 3004 782 3055 autern
807 3001 948 3067 [lectiones
972 3003 1007 3055 ab
1029 3002 1091 3055 Iani
1116 3002 1236 3056 editione
1259 3002 1382 3055 diuersae
1403 3019 1420 3054 a

196 3092 326 3161 Vogelsio
349 3091 483 3159 uulgatae
506 3093 571 3143 sunt
595 3090 653 3143 loco
676 3090 738 3144 adn.
758 3092 791 3142 35
816 3090 929 3143 laudato
952 3108 978 3159 p.
999 3090 1045 3158 Vl,
1069 3093 1111 3145 ita
1134 3110 1194 3144 cunr
1220 3091 1342 3145 codicum
1363 3093 1425 3144 GM

196 3181 331 3235 memoria
357 3179 541 3242 consentiunt,
569 3182 601 3232 ut
629 3180 663 3232 ab
692 3179 786 3233 eodem
814 3180 963 3248 archetypo
990 3197 1024 3233 ex
1046 3180 1173 3245 Pliniano
1201 3181 1292 3235 codice
1319 3179 1419 3249 optimi

196 3270 303 3340 generis
328 3272 453 3337 excerpto
476 3268 610 3337 originem
629 3286 662 3322 ea
681 3268 779 3322 ducere
802 3268 956 3337 intellegas.
994 3271 1090 3323 contra
1108 3286 1180 3336 quac
1198 3288 1254 3324 una
1272 3288 1334 3324 cnm
1353 3269 1418 3345 Ger-

196 3359 296 3412 manici
326 3358 435 3412 scholiis
463 3357 626 3411 Stronzianis
654 3360 765 3411 seruata
796 3360 861 3410 sunt
893 3357 1014 3412 eiusdem
1046 3359 1109 3412 libri
1136 3359 1259 3413 Pliniani
1291 3361 1419 3427 excerpta

196 3448 323 3516 (Breysig
345 3466 370 3516 p.
394 3448 446 3501 203
465 3446 534 3514 sqq.)
558 3447 647 3500 multo
665 3447 798 3510 uberiora,
819 3464 852 3500 ex
875 3447 930 3500 alio
954 3447 1039 3501 Plinii
1062 3447 1152 3502 codice
1176 3466 1262 3516 eoque
1286 3447 1419 3502 deteriore

196 3537 323 3591 deriuata
349 3539 421 3590 sunt.
461 3535 585 3603 [nimiam
612 3535 650 3589 eis
677 3536 871 3591 auctoritatem
899 3536 1030 3590 attribuit
1052 3537 1178 3606 Silligius
1205 3537 1235 3590 in
1258 3537 1328 3591 Plin.
1352 3536 1419 3592 edit.

197 3644 330 3679 annornm
347 3627 412 3678 1851
429 3644 487 3693 sqq.
502 3626 584 3694 praef.
602 3644 628 3694 p.
643 3626 712 3686 XLI,
732 3625 776 3679 cui
794 3626 850 3679 iam
869 3626 1011 3680 oblocutus
1030 3629 1071 3679 est
1085 3626 1146 3679 Alb.
1161 3626 1222 3679 Fels
1241 3627 1280 3679 De
1295 3625 1419 3680 codicum

197 3715 382 3782 antiquorum,
401 3714 431 3768 in
449 3715 548 3782 quibus
563 3715 648 3768 Plinii
662 3715 716 3769 NH
735 3715 770 3769 ad
788 3718 882 3769 nostra
900 3718 1025 3784 tempora
1039 3718 1194 3784 propagata
1212 3718 1261 3779 est,
1281 3714 1347 3768 fatis
1365 3714 1418 3768 fide

197 3808 281 3872 atque
291 3804 455 3857 auctoritate
466 3804 528 3857 1861
541 3822 566 3872 p.
576 3804 624 3857 107
635 3822 683 3871 sq„
694 3804 727 3858 cf.
739 3804 879 3858 Detlelsen
890 3804 919 3856 in
931 3804 1070 3873 Philologi
1084 3804 1137 3858 nol.
1149 3804 1183 3858 28
1194 3822 1219 3857 1.
1230 3803 1299 3858 1869
1309 3821 1335 3872 p.
1347 3801 1417 3870 3091.

288 3889 322 3955 ³⁹)
342 3893 440 3945 Exstat
458 3892 488 3944 in
506 3892 611 3961 Hygini
630 3893 705 3947 codd.
726 3895 752 3946 D
771 3893 834 3959 (bis,
854 3892 900 3945 fol.
920 3893 1065 3946 3111101.
1085 3894 1198 3960 98111,
1223 3893 1346 3961 Sangall.
1366 3892 1419 3946 250

197 3982 241 4037 cui
259 3982 349 4034 multa
367 3979 524 4033 huiusmodi
542 3981 740 4036 commentaria
754 4000 816 4035 oum
830 3984 857 4035 D
876 3984 941 4034 sunt
959 3982 1122 4047 communia,
1142 3999 1214 4050 quae
1226 4000 1243 4036 1
1256 3981 1353 4035 ceteris
1372 3982 1416 4035 ab·

197 4073 270 4134 sunt,
292 4071 367 4124 Voss.
390 4071 420 4122 15
444 4071 517 4137 (post
540 4073 667 4139 excerpta
690 4088 724 4125 ex
741 4071 812 4124 Plin.
837 4070 884 4125 lib.
904 4071 1016 4136 XVIII),
1041 4074 1074 4142 F,
1093 4072 1126 4126 cf.
1150 4070 1339 4139 Heydenreich
1357 4071 1376 4124 l.
1395 4088 1417 4124 0.

196 4179 223 4230 p.
239 4163 263 4225 4,
278 4160 368 4213 Bunte
381 4158 455 4226 Hyg.
469 4158 510 4212 ed.
525 4177 550 4226 p.
568 4160 608 4212 12.
636 4160 710 4214 idem
728 4161 821 4225 habet,
841 4178 903 4214 cum
920 4160 1032 4229 Hygino
1051 4162 1150 4224 eareat,
1170 4163 1192 4214 S
1207 4159 1304 4228 (Paris.
1321 4158 1419 4227 12117)

197 4253 226 4305 et
244 4248 455 4303 Bridefertus
478 4247 662 4302 Ramesiensis
681 4249 772 4304 Bedae
795 4249 943 4303 scholiasta
966 4249 1049 4314 (uixit
1067 4267 1089 4304 c.
1109 4267 1133 4302 a.
1153 4249 1230 4314 1000,
1254 4269 1280 4303 u.
1299 4249 1418 4304 Fabricii

197 4340 263 4394 bibl.
283 4337 420 4393 11111101.
444 4337 549 4391 18581.
569 4337 716 4406 111258),
740 4338 789 4406 qui
807 4339 859 4392 hoc
877 4341 1044 4407 excerptum,
1069 4339 1113 4392 cui
1133 4339 1325 4407 Descriptio
1348 4338 1418 4407 poli

197 4427 331 4491 inscribit,
359 4426 394 4480 ad
421 4425 511 4480 Bedae
534 4426 567 4480 de
589 4422 744 4496 temporum
771 4427 879 4481 ratione
906 4445 964 4496 cap.
990 4428 1023 4480 16
1047 4430 1077 4489 (1.
1099 4428 1181 4480 1369
1204 4426 1309 4496 Migne)
1332 4426 1417 4482 addit.

198 4517 316 4584 denique
334 4519 367 4570 ut
385 4515 525 4570 exordium
543 4515 692 4584 praefixum
711 4516 801 4570 estin
820 4515 939 4585 ‘Hygino
957 4516 1128 4585 philosopho’
1148 4535 1175 4569 u.
1193 4515 1275 4570 infra.
