3528 5232
840 427 940 497 LXVl
948 427 976 496 11

298 625 444 713 proxime
465 626 675 714 praecedenti
698 631 877 711 conflauerit
898 631 1055 712 (constaret
1076 625 1276 712 Fulgentius)
1299 658 1335 683 =
1356 627 1527 693 incenderit

303 737 337 800 Y.
385 736 426 802 de
449 757 479 822 p.
504 739 632 821 anari,
654 735 710 802 ubi
738 735 930 801 scholiorum
958 736 1059 802 uerba
1082 736 1113 801 ei
1141 755 1237 818 quarn
1259 741 1371 801 nostra
1399 734 1526 801 scholia

298 850 467 909 seruarunt
507 843 683 909 memoriae
724 843 921 928 patrocinari
961 841 1125 928 uidentur,
1173 841 1250 908 uide
1290 863 1366 928 pag.
1406 841 1524 909 LXXI.

299 948 439 1034 denique
471 971 586 1017 moneo
619 951 653 1016 in
686 951 764 1017 solis
797 950 964 1034 Sangerm.
1012 949 1143 1016 Saturni
1174 955 1207 1015 et
1237 950 1326 1016 louis
1358 949 1526 1016 stellarum

297 1058 428 1122 nomina
459 1064 547 1125 recte
578 1057 733 1124 distincta
766 1077 852 1143 esse,
889 1078 960 1123 cum
992 1058 1026 1123 in
1054 1059 1123 1123 XY
1149 1062 1285 1140 utroque
1317 1057 1389 1122 loco
1421 1061 1526 1122 exstet

298 1163 467 1230 Phaethon
499 1169 542 1248 (u.
572 1164 616 1228 ad
644 1162 686 1228 '25
718 1167 759 1249 1),
796 1184 992 1249 quamquam
1027 1184 1091 1229 non
1126 1164 1224 1249 plane
1257 1171 1307 1230 est
1340 1162 1526 1247 negandum

298 1292 397 1358 posse
415 1271 497 1337 haec
510 1272 641 1337 nomina
664 1271 795 1337 aliunde
814 1270 985 1356 desumpta
1005 1291 1087 1356 esse,
1104 1291 1182 1355 cum
1198 1271 1527 1355 Sangermanensium

299 1378 481 1463 exemplum
508 1378 655 1445 codicum
677 1381 741 1445 ΧΥ
768 1378 995 1461 simillimum¹)
1023 1385 1090 1443 tam
1118 1379 1212 1462 graui
1239 1398 1274 1444 re
1298 1379 1398 1444 etiam
1421 1376 1527 1444 codici

304 1486 555 1571 Ypraestitisse
582 1485 687 1554 minus
712 1486 755 1552 sit
781 1487 850 1552 ueri
880 1484 993 1552 simile.
1040 1484 1099 1551 sed
1126 1486 1250 1552 incerta
1276 1486 1420 1571 profecto
1443 1484 1526 1551 haec
1612 1483 1614 1486 ’

298 1593 382 1658 ratio
406 1594 512 1659 estin
536 1594 597 1660 hac
621 1594 740 1678 exigua
765 1592 886 1678 Hygini
908 1593 1078 1678 particula,
1107 1614 1204 1676 quam
1228 1614 1301 1659 cum
1324 1593 1424 1677 Sang.
1448 1592 1526 1660 licet

300 1720 486 1785 conparare.
501 1739 544 1750 —
559 1701 628 1767 Iam
652 1722 690 1768 eo
714 1701 756 1766 de
780 1721 843 1784 quo
867 1701 975 1785 agitur
997 1701 1069 1766 loco
1092 1702 1193 1767 uerba
1215 1704 1391 1785 otpolficuns
1404 1724 1421 1765 e
1436 1707 1525 1785 facto

300 1807 380 1874 etin
393 1808 512 1873 nostris
536 1809 669 1876 scholiis
693 1808 771 1875 etin
786 1807 885 1892 Sang.
900 1807 1025 1893 desunt,
1050 1814 1177 1874 exstant
1199 1809 1232 1873 in
1255 1806 1325 1874 solo
1339 1810 1382 1875 X.
1414 1808 1448 1872 in
1462 1829 1525 1892 quo

299 1913 429 1998 quidem
452 1915 590 1982 molesta
605 1922 685 2000 sunt,
710 1914 768 1981 sed
783 1921 870 2001 apta,
894 1915 923 1980 si
937 1915 969 1980 in
993 1923 1104 1982 nostra
1128 1914 1253 1982 scholia
1268 1935 1308 1981 ea
1321 1914 1526 2001 receperis²).

300 2042 375 2086 nam
388 2022 422 2086 in
436 2021 591 2106 uolgatae
613 2022 789 2089 memoriae
803 2041 926 2088 conexu
950 2027 1127 2108 specificae-s
1149 2022 1344 2109 superfluum
1358 2031 1415 2108 est,
1438 2021 1526 2106 quod

301 2148 373 2194 cum
395 2136 523 2195 ueteres
539 2130 679 2196 editores
703 2130 889 2214 sensissent,
914 2130 1025 2216 aliir’d,
1048 2130 1106 2196 alii
1123 2154 1188 2196 rem
1211 2137 1287 2197 ante
1309 2131 1399 2195 illam
1412 2149 1526 2194 uocem

300 2237 511 2305 inseruerunt.
557 2238 591 2302 in
614 2243 794 2303 nostrorum
818 2244 924 2303 autem
948 2237 1141 2304 scholiorum
1169 2257 1266 2321 quam
1292 2236 1526 2304 restituendam

301 2363 418 2409 censeo
441 2342 579 2410 lectione
603 2364 621 2410 e
645 2344 818 2431 participio
840 2347 1016 2428 significans
1038 2351 1114 2430 apte
1136 2344 1279 2430 pendent
1302 2344 1402 2411 uerba
1425 2344 1527 2430 ‘orrum

303 2449 422 2534 [hocin
438 2450 537 2534 Sang.
562 2451 595 2515 in
618 2455 690 2536 palo
706 2451 787 2516 abiit
808 2451 874 2517 leui
896 2451 1083 2530 mutatione,
1107 2451 1245 2517 fortasse
1264 2452 1408 2517 consulto
1423 2451 1524 2536 facta]

301 2557 507 2625 uehementer
534 2579 625 2624 amor
649 2579 721 2625 eum
747 2558 936 2625 emerserit.
983 2559 1078 2624 simul
1105 2558 1166 2625 hoc
1192 2558 1288 2625 modo
1318 2557 1465 2643 efficitur,
1493 2563 1528 2622 ut

302 2689 319 2731 e
335 2672 423 2751 forto
446 2665 543 2731 adid
565 2667 700 2733 uerbum
724 2673 855 2752 spectet,
880 2686 951 2731 oum
975 2686 1037 2750 quo
1060 2673 1094 2732 et
1116 2667 1275 2732 sententia
1299 2665 1460 2733 artissime
1474 2684 1526 2730 co·

302 2773 415 2840 haeret
439 2779 471 2838 et
498 2773 565 2839 fere
598 2792 726 2859 semper
752 2772 879 2839 abhoc
907 2772 1065 2858 scriptore
1092 2772 1307 2858 coniungitur,
1334 2772 1461 2838 scilicet
1482 2770 1527 2836 ad

302 2880 497 2969 appellorel).
544 2881 642 2947 etiam
675 2880 742 2946 alia
774 2881 808 2945 in
839 2901 874 2946 re
906 2879 968 2945 hoo
998 2879 1070 2945 loco
1098 2881 1181 2946 inter
1207 2888 1319 2947 nostra
1346 2879 1472 2946 scholia
1494 2887 1529 2945 et

395 3129 416 3199 ¹)
435 3128 469 3185 25
491 3131 522 3184 17
547 3132 642 3186 eadem
664 3131 820 3200 corruptela
844 3131 999 3200 exemplum
1018 3130 1297 3201 sangermanensium
1319 3130 1431 3186 uidetur
1452 3131 1526 3186 labo·

301 3238 375 3276 rasse
398 3238 455 3288 qua
472 3221 535 3273 ΧΥ.
573 3238 638 3274 nam
661 3221 734 3288 quod
751 3238 777 3289 p.
797 3220 893 3285 229,st
918 3220 986 3274 dicit
1009 3219 1157 3274 scholiasta
1177 3219 1227 3274 ille
1252 3223 1349 3273 coitum
1371 3222 1488 3274 Mortem
1510 3239 1529 3274 a

309 3313 409 3365 Uenere
426 3314 578 3378 inpetrasse
596 3309 670 3363 idem
688 3308 827 3378 significat
845 3309 918 3376 quod
931 3309 1038 3379 Hygini
1051 3309 1137 3363 uerba
1155 3327 1206 3362 auo
1224 3310 1301 3363 atella
1321 3311 1433 3364 Ueneria
1450 3311 1530 3364 sidus

298 3403 429 3470 persequi
445 3399 463 3452 1.
480 3416 503 3453 e.
522 3397 760 3453 constellationem
778 3397 922 3466 utriusque
941 3399 1077 3467 planetae.
1109 3415 1200 3466 neque
1218 3397 1372 3466 quidquam
1389 3397 1454 3452 inde
1467 3416 1528 3468 pro-

302 3489 402 3555 ficitur,
422 3488 496 3556 quod
509 3490 629 3558 uisoque
647 3491 761 3558 adsequi
778 3489 919 3541 uideretur
937 3487 1010 3541 idem
1028 3488 1121 3552 habet,
1140 3487 1182 3542 ita
1196 3490 1229 3541 ut
1241 3486 1340 3558 legisse
1358 3488 1487 3542 uideatur
1505 3495 1530 3542 et

303 3581 373 3634 nihrl
392 3581 469 3632 aliud
487 3597 511 3632 a.
527 3597 554 3632 o.
573 3597 622 3648 pro
640 3585 670 3631 ul
688 3577 761 3645 quod
779 3577 809 3630 in
824 3577 885 3630 ΧΥ
899 3579 948 3631 est.
981 3595 1035 3644 quo
1054 3576 1133 3631 modo
1152 3574 1217 3630 huic
1235 3576 1294 3631 loco
1308 3577 1346 3631 sit
1363 3577 1529 3632 medendum

303 3668 412 3733 dubito;
438 3670 560 3722 certeco
583 3667 656 3736 quod
674 3683 688 3737 ρ
712 3665 864 3736 temptauit
887 3667 936 3720 hoo
953 3665 1056 3720 inserto
1080 3664 1200 3732 (facilius
1219 3668 1261 3720 est
1278 3665 1318 3734 id)
1340 3683 1395 3720 non
1418 3664 1530 3721 uidetur

302 3759 474 3836 persanatus.

396 3845 417 3914 ²¹)
436 3846 530 3900 Etiam
547 3848 700 3914 perciderit
713 3845 796 3915 (Hyg.
811 3863 838 3914 p.
854 3845 926 3911 80,9)
944 3844 975 3898 in
993 3845 1052 3897 ΑΚ
1067 3841 1111 3909 (2⁵
1126 3842 1174 3912 30)
1193 3847 1222 3900 et
1240 3843 1270 3898 in
1288 3843 1372 3914 Sang.
1387 3845 1423 3914 (p.
1438 3844 1530 3912 caol)

304 3935 414 4000 excidit,
433 3953 496 3990 cum
514 3938 587 3990 recte
605 3937 694 3990 exstet
711 3934 741 3988 in
760 3935 796 3989 X.
832 3951 899 3988 nam
917 3936 947 3987 et
964 3933 1103 3989 sententie
1120 3933 1278 4004 postulatur
1292 3963 1324 3971 -
1339 3950 1445 3988 menses
1458 3934 1529 3988 Mer-

303 4027 394 4082 curius
416 4024 520 4094 primus
543 4024 669 4079 instituit
693 4027 835 4094 perspecto
854 4023 973 4078 siderum
991 4041 1079 4088 cursu,
1099 4022 1132 4078 cf.
1151 4022 1218 4093 epit.
1237 4041 1263 4093 p.
1286 4023 1530 4090 launomarus

303 4123 353 4167 τῶν
371 4109 467 4184 ἄστρων
485 4113 531 4172 τὰς
549 4110 629 4174 τάξεις
649 4150 655 4162 .
674 4150 680 4162 .
699 4118 821 4182 μετρῆσαι
838 4143 863 4150 -
880 4115 909 4167 et
922 4111 1028 4181 Hygini
1045 4110 1155 4168 dicendi
1172 4111 1369 4167 consuetudine
1386 4112 1528 4182 probatur,

304 4204 350 4260 cui
376 4220 430 4257 uox
461 4201 623 4272 peruidendi
654 4201 733 4282 quasi
764 4201 794 4255 in
827 4201 931 4256 deliciis
963 4204 1004 4256 est
1036 4199 1155 4272 (prorsus
1187 4201 1308 4257 eiusdem
1340 4204 1382 4256 est
1407 4200 1530 4256 notionis

304 4312 331 4364 p.
351 4289 472 4359 salos).

396 4379 418 4451 ⁸)
437 4400 483 4451 pp.
499 4381 578 4445 7234
596 4379 662 4448 (sch.
679 4377 756 4434 1412
775 4398 808 4434 ac
819 4379 914 4448 facto),
935 4380 1003 4445 ceo.
1019 4381 1098 4446 3920
1118 4379 1156 4448 [h.
1174 4379 1193 4434 1.
1212 4379 1287 4448 quod
1298 4378 1447 4434 Schefferus
1466 4383 1496 4434 et
1513 4377 1531 4447 β

305 4474 467 4541 receperunt
486 4490 503 4525 a
520 4472 592 4536 facto
610 4469 661 4524 soli
680 4469 755 4524 codd.
775 4471 856 4522 DBG
874 4467 996 4536 habentl.
1013 4498 1043 4506 -
1060 4469 1093 4524 cf.
1113 4469 1193 4535 3334
1211 4487 1225 4522 e
1240 4471 1314 4537 sacto
1332 4509 1339 4524 .
1359 4509 1366 4523 .
1385 4469 1425 4535 (in
1444 4469 1531 4539 caelo)

300 4563 479 4631 perspicitur,
502 4559 564 4624 15,6
582 4557 648 4627 (sch,
669 4555 683 4612 7
703 4559 737 4613 12
756 4560 890 4624 exsecto)
909 4561 1034 4627 Iuppiter
1052 4577 1066 4612 e
1082 4560 1103 4626 f.
1127 4560 1246 4629 Cppnum
1265 4598 1271 4611 .
1291 4599 1298 4613 .
1317 4599 1324 4612 .
1344 4560 1482 4612 collocarit
1500 4563 1532 4612 ire

305 4651 414 4717 maredo,
437 4648 485 4701 ubi
503 4648 577 4715 quod
595 4649 621 4700 R
643 4648 728 4702 habet
750 4649 799 4700 hoc
817 4650 920 4714 efecto
938 4651 971 4700 ut
994 4650 1145 4702 ceterorum
1168 4647 1291 4701 codicum
1314 4649 1343 4701 et
1366 4647 1532 4702 scholiorum

307 4753 446 4801 consensu,
465 4735 507 4790 ita
525 4734 632 4804 Hygini
650 4734 846 4790 consuetudine
864 4735 973 4790 dicendi
990 4735 1173 4805 redarguitur.
