3254 5040
793 239 833 302 18

704 327 918 334 ——0--a

194 429 390 514 legerentur,
432 451 492 497 nec
530 432 630 496 uerba
667 431 784 496 artifex
821 439 972 497 accurate
1010 430 1158 496 distinxit
1194 438 1227 496 et
1262 428 1424 495 interdum

195 536 304 603 media
331 537 404 623 ipsa
427 537 525 603 nimio
555 538 661 623 spatio
686 535 823 622 diremit,
849 545 885 602 ut
912 544 1067 621 qnantum
1094 544 1206 622 posset
1233 536 1304 602 fieri
1327 537 1422 621 paria

194 643 279 709 inter
311 643 458 727 singulas
488 645 616 710 litteras
653 651 763 710 essent
798 643 981 712 interualla.
1037 645 1070 709 in
1101 643 1165 710 fine
1198 663 1349 710 uersuum
1380 664 1422 709 ue

194 749 332 816 lacunae
368 750 509 835 biarent,
547 750 678 835 saepius
715 751 862 833 neglecto
900 750 1099 834 syllabarum
1136 770 1259 815 conexu
1296 749 1421 835 priores

194 862 320 922 tantum
343 856 493 922 uocabuli
515 856 644 924 litterae
671 856 725 922 nel
752 856 824 923 sola
850 857 955 942 prima
978 855 1247 942 adiungebantur,
1275 856 1421 939 reliquae

194 962 228 1027 in
250 963 430 1048 posteriore
443 983 539 1030 uersu
564 970 747 1047 sequnntur.
784 963 831 1029 sic
844 963 962 1048 prioris
985 983 1099 1030 uersus
1115 971 1278 1030 extremae
1290 962 1420 1028 litterae

195 1069 344 1152 singulae
370 1070 508 1136 binaeue
537 1068 580 1135 ad
609 1070 755 1152 quemuis
787 1070 938 1135 uocabuli
965 1069 1071 1135 locum
1103 1070 1302 1154 pertinentes
1328 1069 1420 1133 initio

194 1175 396 1258 insequentis
418 1197 533 1243 uersus
556 1177 641 1243 falso
656 1177 848 1261 saepissime
864 1177 1094 1244 scribebantur.
1132 1177 1237 1243 rarius
1254 1182 1423 1242 occurrunt

193 1280 323 1347 litterae
346 1282 474 1368 inipso
496 1303 594 1349 uersu
616 1303 787 1368 perperam
809 1283 860 1349 bis
883 1283 1021 1368 positae.

281 1425 361 1492 Eius
384 1425 472 1490 modi
495 1425 655 1492 erroribus
680 1426 812 1509 egregie
835 1425 917 1491 lauit
945 1425 1121 1509 singularis
1150 1426 1311 1492 scribendi
1337 1425 1423 1491 difli-

195 1530 313 1615 cultas,
351 1552 423 1597 cum
456 1531 631 1598 secundum
663 1531 812 1598 diuersas
844 1531 1020 1614 imaginum
1052 1532 1173 1598 formas
1206 1541 1237 1598 et
1270 1533 1424 1599 circuitus

194 1636 373 1704 litterarum
400 1644 457 1703 aut
483 1638 573 1721 longi
600 1657 714 1703 uersus
742 1636 899 1702 exarandi
927 1644 1037 1705 essent
1065 1638 1160 1703 modo
1184 1638 1298 1703 directi
1321 1637 1418 1703 modo

194 1745 366 1829 incuruati,
402 1751 459 1809 aut
491 1743 686 1829 breuissimi,
723 1764 796 1809 cum
826 1743 925 1809 medii
957 1764 1070 1810 uersus
1107 1744 1277 1810 interiecta
1308 1745 1420 1828 aliqua

193 1850 346 1934 imaginis
360 1858 453 1935 parte
467 1850 519 1916 cui
541 1849 621 1915 nihil
643 1850 872 1916 inscriberetur
886 1849 1185 1935 discerperentur4),
1209 1872 1281 1916 cnm
1295 1852 1419 1916 maiore

196 1957 303 2043 spatio
322 1956 533 2022 interiacente
556 1955 600 2021 ad
623 1956 722 2022 aliam
745 1956 897 2040 imaginis
920 1963 1045 2041 partem
1068 1957 1308 2024 inscribendam
1332 1966 1421 2024 esset

193 2062 537 2150 transgrediendum),
575 2071 608 2129 et
643 2063 711 2129 alia
747 2063 875 2129 similia.
932 2084 1027 2149 porro
1065 2064 1195 2130 omissis
1230 2064 1348 2130 littoris
1385 2064 1419 2128 in

196 2170 340 2254 qualibet
370 2170 523 2236 uocabuli
549 2170 629 2237 sede
660 2170 848 2238 foedissime
880 2170 1029 2255 peccauit
1058 2170 1182 2236 codicis
1210 2174 1243 2237 A
1269 2170 1421 2236 librarius

194 2275 301 2342 ethis
324 2276 366 2342 de
389 2276 498 2343 causis
523 2284 555 2342 et
578 2297 685 2342 errore
713 2278 877 2342 oculorum
904 2298 925 2342 a
947 2277 1055 2360 priore
1082 2277 1192 2344 littera
1216 2277 1260 2342 ad
1283 2278 1420 2365 eandem

195 2383 341 2469 proxime
364 2383 418 2447 uel
440 2383 550 2468 paullo
573 2390 649 2468 post
671 2385 813 2468 positam
835 2384 1062 2450 aberrantium.
1131 2371 1132 2374 ¹

285 2524 493 2609 Ignorantiae
524 2532 633 2591 autem
660 2524 784 2590 librarii
811 2525 911 2590 multo
942 2525 1136 2591 luculentius
1164 2524 1226 2590 hoc
1255 2532 1305 2591 est
1333 2527 1423 2591 testi·

195 2632 344 2717 monium,
368 2631 454 2716 quod
470 2633 581 2697 crebro
599 2631 633 2696 in
648 2631 759 2698 codice
782 2631 911 2697 litterae
926 2631 1048 2697 similes
1071 2631 1155 2696 inter
1170 2651 1205 2697 11
1219 2638 1421 2716 permutatae

196 2746 278 2805 111111.
316 2739 357 2804 de
380 2759 444 2822 qna
467 2759 502 2804 11
524 2739 639 2823 paucis
662 2737 824 2821 agendum
848 2746 906 2824 est,
930 2745 965 2804 ut
987 2738 1143 2803 lectiones
1167 2738 1338 2804 nonnullas
1357 2760 1422 2804 non

196 2845 350 2928 antiquae
372 2844 547 2910 memoriae
569 2844 712 2928 uestigia
725 2845 878 2929 indicare,
903 2844 962 2911 sed
976 2844 1100 2909 librarii
1124 2845 1285 2911 erroribus
1309 2845 1420 2911 deberi

197 2951 413 3033 intellegatur.
458 2950 541 3016 fauit
568 2951 617 3017 111
648 2950 828 3017 litterarum
855 2953 958 3016 forma
986 2950 1147 3035 capitalis,
1182 2971 1317 3034 quarum
1345 2972 1423 3017 non-

196 3058 305 3123 nullae
332 3059 417 3123 inter
444 3078 480 3123 se
507 3064 577 3147 tam
602 3057 725 3123 similes
753 3065 840 3140 suut,
872 3063 908 3121 ut
934 3063 1040 3122 utram
1073 3058 1240 3142 scripserit
1272 3058 1424 3124 librarius

199 3184 298 3249 saepe
313 3185 377 3230 non
400 3164 505 3249 possit
519 3163 669 3247 discerni,
693 3164 779 3230 aliae
803 3184 997 3247 quamquam
1020 3163 1195 3230 dissimiles
1210 3172 1327 3249 tamen,
1352 3185 1424 3230 cum

198 3270 343 3336 eiusdem
370 3271 438 3336 fere
462 3277 571 3337 essent
599 3270 738 3336 ambitus
762 3277 794 3335 ct
820 3270 1062 3357 magnitudinis,
1095 3278 1127 3336 et
1154 3271 1248 3357 ipsae
1276 3276 1427 3355 poterant

196 3378 280 3443 inter
309 3398 345 3444 se
375 3376 527 3444 confundi
554 3399 575 3443 a
603 3377 735 3443 librario
767 3377 893 3444 litteras
924 3377 1070 3461 singulas
1107 3399 1222 3464 parum
1249 3378 1424 3460 curante⁶).

289 3519 342 3585 Sic
365 3520 433 3586 fere
455 3520 535 3584 nibil
557 3519 692 3585 interest
715 3519 799 3585 inter
823 3521 855 3585 Ο
870 3526 902 3586 11
922 3523 957 3586 G
980 3522 1074 3605 apice
1097 3522 1279 3605 promiscue
1303 3519 1422 3584 omisso

197 3624 250 3690 1111
277 3624 420 3710 adiecto,
447 3627 531 3691 inter
558 3629 599 3691 Ε
623 3632 655 3691 11
682 3629 722 3692 11
746 3646 818 3691 cum
845 3627 943 3693 etiam
969 3627 1055 3694 imae
1082 3628 1211 3694 litterae
1238 3629 1278 3692 1u
1301 3623 1422 3690 lineola

289 3944 312 4010 4)
332 3945 371 3999 su
389 3945 419 3998 m
438 3945 511 4014 Argo
530 3945 596 3999 naui
615 3945 715 4015 puppis
734 3926 996 4016 sonorns'rnscrrpu
1014 3946 1202 4001 1111111
1221 3945 1365 3999 duntur.

288 4050 310 4117 ⁶)
329 4068 346 4105 1
365 4051 455 4106 Persei
473 4051 599 4106 bracchio
618 4052 713 4107 dextro
732 4053 768 4107 ad
786 4053 936 4119 sinistrum,
960 4056 1009 4108 uel
1025 4056 1060 4109 ab
1079 4053 1182 4108 Arietis
1200 4052 1269 4121 pede
1287 4050 1371 4104 tertio
1390 4051 1426 4104 ad

197 4142 337 4209 quartum.

290 4244 492 4313 ὅ101111111111111
515 4249 609 4300 tamen
632 4251 682 4314 est,
705 4265 740 4302 ne
761 4249 880 4303 nimium
904 4250 1015 4303 librario
1038 4249 1197 4317 imputemus
1216 4247 1245 4301 in
1265 4246 1355 4301 codice
1373 4264 1425 4299 usu

199 4334 267 4389 adeo
285 4335 395 4399 detrito,
415 4338 448 4388 ut
466 4336 600 4390 nonnulla
618 4337 783 4391 scholiorum
802 4339 862 4393 loca
880 4339 963 4408 plane
982 4336 1118 4391 exstincta
1136 4335 1200 4389 sint.
1234 4353 1319 4403 quare
1338 4335 1426 4390 etiam

198 4423 323 4493 singulas
341 4425 450 4479 litteras
468 4442 523 4478 non
541 4443 602 4480 raro
621 4444 726 4482 arrosas
746 4445 803 4483 esse
826 4430 872 4484 uel
890 4429 1020 4497 exparte
1043 4424 1187 4479 euanuisse
1210 4429 1424 4480 consentaneum

199 4515 249 4566 est.
269 4513 302 4567 et.
322 4530 345 4568 1.
364 4532 391 4579 g.
411 4510 445 4567 ab
465 4514 489 4567 1.
509 4515 524 4567 9
547 4511 578 4568 15
599 4518 614 4569 9
634 4514 649 4569 1
669 4518 757 4571 1611.
