3254 5040
264 1206 472 1321 Amorem
497 1253 620 1319 scholia
643 1253 676 1317 in
697 1253 861 1318 Ciceronis
875 1254 1011 1318 Aratum
1034 1255 1075 1318 ab
1094 1253 1235 1337 losepho
1249 1254 1403 1337 Vogels¹l

176 1360 266 1426 edita
290 1369 365 1426 sunt
388 1382 428 1425 ex
452 1360 617 1425 codicibus
645 1359 769 1425 duobus
792 1360 896 1425 Musei
919 1360 1107 1443 Britannici,
1135 1360 1312 1425 Harleiano
1337 1365 1401 1426 047

177 1487 262 1531 saec.
287 1465 376 1552 leX
405 1468 447 1535 (A
475 1466 563 1550 apud
585 1466 782 1549 Vogelsium,
810 1467 888 1530 item
911 1466 1018 1546 nobis)
1053 1473 1085 1531 et
1113 1466 1303 1551 apographo
1332 1468 1402 1534 eius
1439 1479 1466 1531 A

176 1574 369 1637 Cottoniano
394 1574 465 1638 Tib.
481 1575 507 1636 B
524 1577 544 1639 5
569 1593 655 1639 saec.
670 1573 718 1636 XI
741 1575 772 1653 (b
796 1572 884 1656 apud
899 1572 1094 1656 Vogelsium,
1117 1574 1212 1639 nobis
1226 1576 1274 1654 K)
1288 1595 1403 1658 parum
1439 1585 1472 1637 K

176 1688 329 1744 accurate
353 1679 533 1761 conlatis.2)
580 1699 640 1762 ego
669 1679 821 1762 quoniam
853 1686 985 1745 auctore
1009 1679 1309 1766 Reifferscheidio³)
1333 1681 1402 1745 uiro

177 1786 358 1851 clarissimo
383 1805 422 1850 ac
436 1806 537 1869 nuper
561 1786 677 1849 acerbo
702 1784 768 1849 fato
783 1785 833 1850 his
856 1785 973 1851 litteris
998 1794 1110 1871 erepto
1130 1786 1271 1853 adhaec
1295 1788 1403 1854 studia

175 1893 311 1976 accessi,
340 1914 403 1956 non
430 1898 555 1956 tantum
584 1891 704 1956 codicis
727 1894 762 1954 K
781 1892 1005 1976 apographum
1028 1913 1049 1956 a
1071 1894 1142 1957 uiro
1171 1894 1265 1959 docto
1294 1894 1404 1978 aliquo

175 2001 283 2082 Angla
320 1998 579 2064 Reifferscheidii
616 1999 650 2062 in
685 2018 778 2063 usum
816 1998 988 2082 diligenter
1031 1999 1211 2065 confectum
1248 2021 1404 2086 usurpare

175 2107 276 2190 potui,
302 2106 360 2171 sed
385 2107 484 2170 etiam
507 2104 629 2170 codicis
643 2106 673 2168 A
696 2112 882 2169 accuratam
906 2105 1125 2172 conlationem
1143 2107 1264 2190 insigni
1278 2107 1404 2172 Alfredi

177 2213 316 2295 Hilgard
339 2212 541 2295 benignitate
565 2211 684 2276 factam
708 2212 847 2296 adeptus
871 2232 952 2280 sum.

265 2320 420 2402 Spectant
442 2319 524 2384 haec
548 2318 672 2384 scholia
695 2318 739 2382 ad
756 2319 894 2402 primam
911 2319 1075 2384 Ciceronis
1091 2319 1202 2384 ‘Arati’
1228 2320 1283 2403 qui
1305 2320 1403 2386 hodie

175 2433 282 2491 exstat
296 2433 432 2511 partem,
456 2446 521 2509 qua
545 2426 675 2508 singula
698 2425 793 2508 signa
817 2425 994 2491 secundum
1016 2435 1158 2491 mutuum
1182 2447 1293 2492 eorum
1308 2427 1405 2491 situm

176 2534 442 2616 enumerantur‚⁴)
476 2541 508 2597 et
541 2553 613 2597 cum
642 2532 851 2616 imaginibus,
884 2532 998 2615 quibus
1029 2532 1111 2598 haec
1144 2533 1295 2598 carminis
1327 2554 1404 2618 pars

176 2647 333 2703 exornata
367 2647 416 2703 est
447 2676 491 2684 —
523 2640 557 2702 in
590 2638 726 2720 singulis
759 2639 843 2702 enim
875 2639 1005 2723 paginis
1038 2640 1087 2704 sui
1120 2640 1235 2723 cuique
1267 2639 1403 2723 imagini

174 2766 289 2810 uersus
305 2752 376 2809 erunt
392 2744 590 2828 sribscripti5)
607 2745 709 2807 —ita
733 2751 806 2808 sunt
829 2746 1006 2828 coniuncta,
1030 2747 1111 2809 utin
1125 2748 1155 2810 A
1177 2746 1402 2830 pulcherrimis

176 2853 246 2916 eius
280 2852 474 2934 imaginibus
506 2850 660 2933 inscripta
693 2851 756 2914 sint
788 2851 982 2933 capitalibus
1015 2851 1145 2936 litteris,
1180 2853 1213 2916 in
1247 2855 1282 2917 K
1310 2860 1400 2928 extra

270 3066 419 3133 ι1891111111
442 3066 471 3118 in
491 3065 628 3118 Ciceronis
648 3066 750 3117 Aratea
777 3064 888 3130 aliaque
916 3065 951 3117 ad
975 3067 1172 3119 astronomiam
1197 3066 1367 3134 pertinentia
1390 3085 1406 3120 9

176 3157 233 3210 cod.
248 3157 317 3209 Mus.
334 3157 401 3210 Brit.
416 3156 492 3208 Harl.
508 3156 559 3208 647
578 3172 641 3221 pars
661 3154 673 3206 l
693 3153 799 3207 Crefeld
812 3152 935 3222 (praga).
947 3155 1064 3209 -hunc
1082 3155 1203 3210 codicem
1222 3155 1257 3210 ad
1267 3155 1404 3210 Ciceronis

177 3240 287 3298 carmen
306 3244 498 3297 recensendum
518 3246 627 3311 praeter
646 3243 825 3296 Dresdensem
844 3242 972 3296 adhibuit
992 3245 1113 3298 B'athrens
1132 3245 1206 3298 PLM
1224 3245 1238 3297 I
1256 3263 1283 3313 p.
1303 3246 1327 3298 2.

269 3350 290 3416 ²)
310 3352 403 3403 Prima
426 3351 524 3403 horum
548 3337 712 3403 scholiorum
735 3349 838 3403 notitia
861 3350 918 3402 iam
937 3349 1074 3404 Guilelmo
1095 3351 1191 3420 Ottley
1210 3351 1331 3415 debetur,
1356 3352 1406 3418 qui

176 3440 297 3492 codicem
316 3443 341 3491 A
360 3439 464 3507 insigni
487 3439 642 3507 imaginum
663 3438 720 3491 eius
739 3438 945 3506 pulchritudine
968 3439 1102 3494 adductus
1121 3440 1239 3494 secundo
1257 3441 1302 3494 uel
1320 3441 1407 3494 tertio

176 3529 285 3581 saeculo
313 3528 521 3582 attribuendum
545 3545 601 3581 esse
625 3527 694 3580 miro
722 3527 834 3580 oonsilio
858 3528 967 3582 studuit
990 3530 1111 3596 probare.
1150 3531 1183 3584 cf.
1204 3531 1406 3598 Archaeologia

177 3636 207 3670 or
229 3617 342 3670 miscell.
367 3621 452 3671 traets
475 3616 598 3684 relating
620 3620 649 3670 to
674 3616 816 3684 antiquity
839 3619 891 3671 etc.
928 3617 983 3670 uol.
1002 3619 1093 3673 XXVI
1112 3619 1225 3673 Londcn
1247 3619 1313 3673 1836
1338 3636 1406 3688 pag.

175 3706 308 3758 47-214.
347 3706 537 3760 describuntur
555 3706 659 3759 codices
678 3724 723 3773 pp.
743 3706 776 3758 48
796 3723 834 3772 sq.
856 3707 907 3759 145
928 3724 987 3773 sqq.

267 3810 289 3877 Β)
318 3813 350 3865 cf.
379 3811 573 3866 Reifferscheid
601 3813 671 3864 Ann.
705 3812 838 3866 dell'lnst.
867 3814 902 3866 34
929 3812 1021 3879 (1860)
1053 3832 1079 3881 p.
1110 3814 1169 3868 108.
1216 3815 1406 3869 Wattenbach

175 3901 370 3954 Schriftwesen
388 3903 406 3952 i.
426 3902 487 3954 MA.
508 3902 549 3955 ed.
569 3903 585 3954 2
604 3920 630 3970 p.
650 3901 703 3955 898
721 3901 784 3954 adn.

266 4008 289 4074 ⁴)
311 4025 338 4060 u.
358 4025 415 4076 capr
436 4008 464 4060 Π
482 4008 520 4060 in.
541 4037 572 4045 —
593 4025 664 4075 quae
692 4008 815 4075 reliquae
843 4008 967 4062 Tulliani
995 4008 1125 4063 carminis
1152 4011 1227 4079 parti
1255 4011 1285 4064 in
1308 4014 1334 4064 A
1357 4013 1405 4065 ad-

175 4099 280 4165 scripta
304 4099 369 4149 sunt
394 4100 522 4164 excerpta
541 4097 671 4150 Pliniana
694 4100 722 4150 98
746 4097 803 4151 alia
826 4096 863 4163 (u.
883 4115 942 4166 cap.
961 4097 1019 4165 IV),
1044 4099 1079 4152 ab
1098 4098 1141 4151 his
1160 4099 1243 4169 plane
1266 4099 1405 4162 differunt,

176 4205 238 4240 cnm
258 4189 286 4240 et
306 4185 412 4239 alienae
430 4185 487 4239 sint
506 4185 621 4255 originis
640 4188 668 4239 et
687 4186 742 4238 alio
760 4186 840 4239 modo
860 4186 976 4240 carmini
995 4187 1136 4242 adiuncta.

265 4292 287 4359 ὁ)
307 4293 399 4348 Simili
426 4294 534 4348 ratione
561 4293 719 4347 Germanici
747 4311 857 4347 carmen
884 4311 917 4347 ex
945 4294 1036 4349 codice
1063 4294 1180 4349 Susiano
1209 4296 1252 4362 (cf.
1280 4297 1405 4350 Bthrens

175 4384 280 4437 PLMI
303 4403 329 4452 p.
352 4385 401 4438 145
426 4383 477 4452 sq.)
505 4399 661 4451 expressum
689 4385 730 4436 est
752 4382 782 4435 in
806 4382 898 4437 Crotii
920 4383 1105 4454 syntagmate
1128 4384 1293 4439 Arateorum
1315 4384 1402 4453 Lugd.

175 4473 205 4524 B.
232 4472 308 4525 1600.
337 4501 371 4510 -
400 4472 543 4527 Harleiani
570 4471 724 4540 imaginem
750 4471 884 4539 praebent
911 4472 1070 4541 specimina,
1099 4491 1170 4540 quae
1199 4473 1302 4527 tabulis
1330 4473 1405 4542 apud

175 4559 312 4614 Ottleium
330 4561 447 4630 depictis
466 4561 650 4624 continentur,
669 4561 742 4613 unde
759 4578 846 4613 unum
864 4564 1009 4616 mutuatus
1028 4565 1070 4616 est
1088 4562 1198 4630 Vogels.

1192 4651 1223 4707 la
