3254 5040
888 217 931 281 24

292 408 357 474 iam
384 409 419 474 in
447 409 594 494 exemplo
625 409 695 477 eius
724 410 825 477 irrisae
852 408 928 477 inde
956 409 1156 494 concludam,
1189 409 1277 494 quod
1306 409 1435 494 syriaci
1463 408 1523 492 frg.

291 520 431 581 cantatis
453 515 591 582 exhibet
607 552 650 567 -
671 521 812 600 euflamcs
838 515 878 580 10
900 519 922 583 5
946 516 980 582 in
1002 518 1033 581 A
1055 517 1209 602 scriptum
1234 524 1285 583 est
1307 537 1365 602 pro
1389 521 1525 601 ecfemes

291 621 399 689 littera
422 625 434 687 l
454 642 625 708 perperam
648 623 772 691 inserta
794 631 838 701 (u.
862 643 962 708 supra
984 645 1015 708 p.
1039 622 1106 709 21),
1127 623 1169 689 cf.
1193 621 1236 686 25
1261 627 1305 690 24
1327 626 1427 708 casali,
1452 642 1524 688 eum

291 729 408 796 ceteris
436 729 518 795 loeis
546 729 656 795 littera
673 733 718 814 pla
740 737 828 796 recte
850 730 894 795 sit
921 737 1053 796 seruata
1079 731 1223 815 (Cephali
1246 728 1293 814 15,
1321 732 1523 814 Euphratem,

290 837 479 920 Pherecydes
512 834 645 919 etc.)²³).
700 836 735 901 in
766 840 865 902 treola
898 835 933 918 (6
964 839 1016 922 32,
1049 839 1167 902 thracia
1199 836 1242 902 ib.
1280 838 1333 915 10)
1365 835 1474 900 littera
1504 837 1526 899 lt

291 943 413 1008 omissa
442 949 568 1008 est-
595 939 635 1007 lt
665 947 684 1008 2
708 947 902 1026 fiocaa’ssent,
936 941 978 1007 10
1008 946 1056 1009 14.
1085 947 1128 1009 24
1158 946 1363 1025 adluoeaisse,
1394 945 1519 1007 dorostro

292 1045 409 1135 (cestro
434 1048 474 1116 14
498 1049 556 1132 28)
579 1047 645 1113 iam
669 1050 816 1136 exemplo
839 1049 1047 1115 attribuenda
1070 1058 1152 1116 sunt.

382 1190 431 1254 Ex
454 1189 514 1274 his,
543 1210 629 1274 quae
652 1191 842 1274 singillatim
869 1191 1031 1277 persecuti
1054 1211 1173 1277 sumus,
1200 1192 1299 1259 facile
1324 1190 1522 1258 concluseris

292 1295 375 1362 haec
417 1295 542 1362 scholia
579 1297 766 1382 Hyginiana
807 1297 913 1365 redire
949 1297 994 1364 ad
1029 1297 1188 1384 codicem,
1228 1319 1324 1383 quem
1354 1298 1390 1381 si
1426 1297 1524 1381 ‘oapi-

292 1402 421 1469 talibus'
457 1402 575 1470 litteris
612 1412 766 1471 exaratus
803 1411 885 1490 erat,
925 1426 990 1471 non
1025 1412 1099 1490 post
1135 1405 1281 1489 quintum
1318 1426 1351 1490 p.
1385 1403 1458 1470 Chr.
1491 1425 1523 1469 n.

292 1509 459 1575 saeculnm
486 1508 667 1577 confectum
695 1530 768 1578 esse
796 1518 931 1579 constat.
977 1510 1017 1578 ci
1046 1510 1315 1596 Studemundum,
1348 1511 1523 1578 Breslauer

292 1614 536 1700 Philologische
568 1609 830 1701 Abhandlungen
861 1618 893 1682 ΙΙ
924 1616 1008 1685 fasc.
1037 1620 1057 1684 3
1090 1640 1120 1703 p.
1153 1619 1209 1683 IX.
1258 1618 1370 1700 itaque
1401 1615 1523 1700 dubito,

292 1742 370 1789 num
398 1722 463 1788 iam
491 1723 525 1788 in
553 1723 614 1791 hoo
647 1724 820 1807 litteraep
849 1728 920 1808 etj
945 1730 1091 1790 mutatae
1118 1724 1250 1807 luerint,
1283 1723 1322 1790 ef.
1351 1723 1372 1786 6
1403 1727 1442 1790 11
1473 1725 1523 1788 ob-

288 1832 405 1911 geciose
435 1829 475 1910 A,
508 1833 652 1897 obiecisse
685 1833 730 1911 K,
768 1851 964 1915 quamquam
995 1830 1110 1897 similis
1143 1831 1176 1897 ni
1209 1830 1305 1896 fallor
1342 1829 1523 1914 scripturae

294 1935 475 2020 exemplum
504 1956 545 2002 cx
573 1936 648 2022 (lyr.
677 1936 747 2003 eod
777 1944 942 2007 seruatum
969 1943 1029 2007 est.
1075 1937 1109 2003 in
1135 1937 1278 2021 Aquario
1308 1933 1345 2022 (8
1375 1938 1407 2019 l)
1438 1935 1525 2002 enim

291 2060 351 2126 pro
382 2044 506 2109 hiemali
537 2042 626 2128 apud
659 2042 832 2128 cyriacum
867 2044 986 2128 legitur
1019 2046 1133 2126 geniali
1164 2043 1185 2108 i.
1217 2064 1244 2110 e.
1279 2046 1392 2127 yemali
1421 2045 1525 2108 tonali

292 2147 416 2214 omissa
438 2149 586 2234 aspirata
607 2148 662 2232 (ci
686 2171 712 2217 e.
736 2171 768 2233 g.
791 2151 904 2216 amolo
926 2153 956 2215 R
978 2170 1036 2236 pro
1058 2153 1218 2216 hieroclem
1240 2172 1271 2235 p.
1295 2149 1443 2235 92,l)¹⁴).

383 2288 450 2355 Sed
478 2292 607 2359 etiamsi
636 2292 791 2358 maiorem
818 2292 931 2358 harum
959 2312 1065 2358 rerum
1091 2299 1215 2377 partem
1244 2291 1307 2376 ipsi
1336 2290 1469 2356 librario
1493 2291 1524 2354 A

293 2394 518 2481 inpertiamus,
555 2397 590 2463 id
626 2406 713 2464 certe
751 2405 929 2466 statuemus
970 2419 1031 2464 nec
1071 2399 1217 2465 consulto
1259 2417 1332 2463 eum
1368 2396 1523 2486 traditam

293 2503 481 2568 memoriam
507 2499 665 2590 mutasse,
692 2526 886 2589 quamquam
914 2506 1074 2593 permulta
1097 2505 1259 2592 peccauit,
1288 2511 1329 2587 et,
1358 2504 1525 2589 cumipse

291 2626 336 2674 ex
366 2608 496 2694 Hygino
529 2610 611 2678 haec
643 2610 780 2697 scholia,
812 2632 877 2696 qua
909 2619 959 2679 est
989 2611 1188 2696 ignorantia,
1220 2632 1284 2677 non
1315 2611 1523 2696 excerpserit,

294 2716 441 2801 exemplo
465 2738 539 2783 eum
560 2738 654 2784 usum
677 2737 750 2785 esse
773 2718 910 2786 eundem
933 2719 999 2786 iam
1021 2719 1055 2784 in
1077 2717 1207 2784 modum
1229 2718 1426 2802 imaginibus
1450 2737 1524 2784 oum

294 2820 430 2889 scholiis
454 2831 619 2892 exornato.

714 3255 734 3333 ξ
757 3259 791 3316 2.
837 3259 893 3318 De
917 3259 1051 3317 codice
1078 3250 1108 3320 C.

384 3408 455 3475 Hoc
479 3410 610 3494 egregie
637 3410 845 3477 confirmatur
872 3409 1062 3495 fragmentis
1088 3409 1155 3474 illis
1179 3428 1200 3471 a
1224 3405 1361 3492 Cyriaco
1385 3406 1527 3472 Anconi-

294 3520 376 3619 tano
398 3516 547 3602 seruatis,
571 3515 612 3582 de
635 3517 752 3601 quibus
775 3537 858 3584 nunc
881 3515 1045 3603 agendum
1068 3522 1128 3583 est.

385 3658 436 3722 De
460 3657 573 3725 codice
597 3658 726 3745 Cyriaci
749 3659 847 3726 hodie
870 3657 1039 3747 deperdito
1047 3658 1080 3742 ι),
1103 3677 1199 3741 quem
1222 3656 1414 3743 aPompeio
1430 3655 1522 3721 Com·

267 3765 460 3871 ,pagnonio
487 3766 708 3832 Auximatium
730 3768 884 3832 Anconae
911 3765 1090 3832 uicinorum
1118 3770 1151 3829 et
1174 3762 1426 3849 Cingulanorum
1455 3762 1524 3847 epi·

295 3977 508 3995 ——ss—

388 4098 424 4168 ⁸⁸)
447 4101 527 4156 Falso
549 4105 591 4170 pls
617 4103 735 4173 inrepsit
757 4100 791 4157 25
814 4104 850 4158 25
876 4103 906 4156 in
934 4104 1080 4171 epaphum,
1108 4101 1182 4169 quod
1209 4118 1243 4155 ex
1267 4103 1365 4154 elatum
1393 4097 1525 4164 (elusum)

296 4193 456 4260 corruptum
474 4207 531 4245 esso
549 4192 675 4247 arbitror.
713 4192 747 4247 of.
767 4191 783 4248 2
803 4193 819 4246 ‘l
837 4194 1006 4261 trophariam
1023 4192 1060 4259 K,
1078 4193 1196 4258 trifaria
1215 4192 1249 4243 A.

389 4295 425 4364 ¹⁴)
441 4302 460 4366 j
474 4316 558 4368 prop
580 4300 687 4368 positae
710 4299 866 4369 exemplum
889 4316 924 4353 ex
941 4297 1013 4368 Hyg.
1037 4297 1113 4353 codd
1137 4300 1179 4352 est
1201 4299 1283 4349 imao
1305 4295 1339 4362 R,
1363 4295 1464 4348 lamna
1488 4295 1526 4362 D,

294 4390 410 4443 ‘'flmm
429 4390 458 4453 Ρ,
477 4405 527 4457 pro
542 4407 632 4457 prauo
649 4407 713 4459 pag.
733 4391 804 4454 las.

390 4493 410 4561 ¹)
428 4495 581 4551 Mommsen
600 4495 656 4551 CH»
674 4495 715 4550 111
735 4497 749 4549 1
769 4514 795 4565 p.
814 4495 901 4549 XXII.
