3254 5040
762 359 854 424 Lxx

194 555 362 633 rhodomo
388 563 419 618 ct
439 556 611 639 Hesperum
637 558 835 621 conductum.
883 556 916 620 in
939 554 1063 621 codicis
1090 557 1120 619 Y
1140 554 1241 638 igitur
1266 551 1430 618 memoria

195 659 357 726 sublatum
386 667 437 726 est
463 659 544 725 illud
571 685 610 726 ec
637 685 697 746 quic
725 687 768 746 re,
797 662 884 745 qnod
911 665 1009 728 etiam
1037 664 1069 727 in
1096 662 1159 726 hoc
1186 661 1348 746 scriptore
1377 665 1430 724 cst

194 766 378 851 molestum,
424 774 537 832 contra
582 770 703 834 inserta
746 777 821 836 sunt
857 771 958 835 uerba
994 768 1038 834 ad
1074 789 1206 835 sensum
1249 766 1429 851 aptissima

194 874 349 939 nimium
372 872 506 938 elatum
532 877 676 956 (nam-in
699 879 779 942 miro
804 877 860 941 illo
883 881 1032 962 epaphum
1054 877 1110 941 uix
1132 873 1311 959 quidquam
1335 870 1428 938 aliud

196 981 389 1048 delitescere
412 982 478 1046 iam
502 1003 601 1067 supra
624 983 692 1048 dixi
714 1007 747 1069 p.
763 988 806 1048 24
820 983 894 1049 adn.
910 987 961 1067 23,
984 982 1131 1049 adnerbii
1155 989 1265 1047 autem
1287 981 1429 1045 formam

196 1089 334 1155 eandem
357 1089 458 1154 habet
480 1089 564 1172 Hyg.
581 1111 613 1173 p.
629 1094 713 1173 68‚8.
738 1089 1069 1173 cf.69‚10mc1nm);
1092 1096 1126 1154 et
1147 1089 1254 1173 ipsum
1277 1087 1430 1152 enuntia-

196 1205 264 1261 tum
290 1235 328 1242 -
354 1194 442 1280 qnod
464 1199 501 1260 X
525 1197 624 1261 hahet
650 1200 763 1262 dicitur
788 1198 857 1262 inre
881 1197 974 1263 deest
1000 1233 1034 1244 -
1063 1217 1135 1262 cum
1158 1215 1198 1261 eo
1220 1193 1311 1278 quod
1333 1213 1430 1278 prae

197 1303 285 1369 cedit
318 1312 480 1368 structura
506 1305 677 1369 uerborum
705 1314 737 1370 et
765 1305 926 1370 sententia
953 1304 1116 1369 artissime
1148 1302 1319 1368 cohaeret:
1351 1321 1432 1365 nam

195 1409 296 1475 iidem
329 1409 377 1474 illi
413 1410 574 1475 ‘nonnulli’
613 1419 646 1476 et
681 1411 920 1496 pulchritudine
956 1432 1028 1476 eum
1063 1415 1286 1495 praestantem
1324 1407 1433 1474 fuisse

196 1525 330 1582 narrant
357 1525 389 1584 et
411 1518 473 1582 hac
495 1538 530 1583 re
558 1519 678 1583 elatum
702 1540 772 1583 cum
796 1519 869 1605 ipsa
892 1519 1018 1585 Uenere
1047 1524 1173 1583 certare
1196 1537 1271 1582 esse
1300 1535 1431 1581 ausum.

197 1625 391 1691 sententiam
423 1624 470 1690 sic
503 1624 689 1689 incohatam
720 1640 887 1705 eumque,
919 1625 1005 1709 quod
1036 1625 1069 1688 in
1101 1623 1239 1706 uulgata
1268 1622 1434 1688 memoria

197 1732 274 1797 ferri
301 1731 421 1814 nequit,
450 1738 526 1815 apte
553 1732 688 1816 perlicit
734 1739 875 1797 ceterum
902 1733 962 1798 hoc
988 1731 1060 1797 loco
1088 1733 1171 1796 inter
1196 1730 1369 1813 uulgatum
1401 1736 1435 1795 et

197 1838 322 1904 codicis
357 1841 385 1901 Y
413 1839 601 1904 memoriam
632 1860 695 1903 non
727 1840 860 1904 multum
890 1840 1034 1906 interest.
1081 1840 1114 1903 in
1145 1838 1202 1902 illa
1235 1838 1326 1902 enim
1358 1857 1435 1902 cum

198 1945 424 2011 Eratosthenis
447 1946 631 2010 testimonio
655 1953 799 2011 extrema
822 1954 946 2012 tantum
969 1947 1070 2011 uerba
1093 1969 1159 2010 erim
1174 1948 1286 2011 hocde
1299 1969 1326 2010 c.
1348 1947 1388 2010 U.
1404 1968 1434 2009 c.

199 2053 373 2135 firmentur,
388 2053 421 2116 in
438 2053 572 2117 Ynerha
584 2062 620 2116 ut
634 2058 722 2118 etium
734 2057 773 2117 E.
784 2057 814 2118 d.
825 2053 868 2117 ad
883 2075 924 2119 ea
938 2074 1022 2136 quae
1036 2052 1237 2138 praecedunt
1249 2052 1437 2136 respiciunt

199 2159 358 2242 simulque
395 2179 479 2241 quae
516 2168 693 2242 sequnntur
725 2168 801 2245 apte
836 2161 1021 2226 adnectunt
1068 2167 1169 2225 totam
1200 2165 1314 2225 autem
1348 2159 1436 2223 hanc

198 2265 351 2348 fabulam⁷
383 2287 468 2349 quae
500 2267 680 2331 ‘nonnullis’
714 2269 804 2331 initio
833 2267 1006 2351 inputatur,
1038 2288 1078 2332 ex
1105 2266 1343 2331 ‘Eratosthene'
1381 2264 1436 2330 de

199 2381 358 2458 sumptam
388 2394 463 2439 esse
491 2394 530 2438 ex
559 2381 695 2456 utraque
722 2373 861 2440 lectione
893 2374 1091 2458 intellegitur
1118 2380 1151 2437 et
1178 2373 1316 2438 scholiis
1345 2373 1438 2455 Bas,

198 2503 283 2566 qnae
317 2480 454 2546 eandem
492 2480 636 2545 fabulam
673 2482 821 2564 quamuis
853 2483 970 2548 misere
1001 2482 1167 2547 foedatam
1201 2481 1372 2564 exhibent,
1405 2486 1439 2544 et

199 2588 321 2673 Hygini
350 2588 584 2654 consuetudine
613 2590 777 2672 probatur.
825 2610 925 2674 saepe
949 2590 1129 2655 enimcum
1157 2609 1253 2671 quem
1285 2587 1440 2670 sequitur

198 2705 364 2762 auctorem
391 2694 600 2779 —inprimis
632 2695 721 2758 illum
755 2696 1018 2761 ‘Eratosthenem'
1045 2733 1089 2745 -
1118 2695 1160 2761 de
1193 2695 1266 2760 eius
1298 2694 1440 2759 fabulae

199 2823 296 2887 quarn
324 2809 427 2866 totam
456 2822 497 2866 ex
525 2823 564 2866 eo
594 2802 746 2867 exscribit
772 2809 866 2886 parte
895 2802 1115 2868 tantummodo
1142 2802 1272 2885 laudat,
1304 2800 1365 2867 uel
1393 2799 1440 2864 ad

199 2917 376 2974 extremum
400 2908 472 2973 eius
495 2928 623 2991 qnoque
646 2909 865 2973 testimonium
888 2908 1003 2992 adfert,
1026 2930 1098 2974 cnm
1121 2909 1213 2974 initio
1237 2907 1438 2973 ‘nonnullos’

200 3017 252 3081 uel
280 3016 463 3099 ‘conplures
491 3016 683 3098 astrologos’
712 3023 772 3082 etc.
803 3036 839 3081 se
867 3017 959 3098 sequi
992 3016 1184 3098 glorietur’).
1232 3015 1323 3081 conf.
1354 3037 1382 3082 e
1409 3037 1441 3098 g.

199 3146 232 3208 p.
257 3125 355 3203 6920
384 3121 463 3198 (sch.
490 3117 533 3203 a),
566 3122 620 3186 nbi
648 3123 736 3206 prior
763 3120 875 3187 fabula
902 3129 971 3187 tota
999 3143 1039 3187 ex
1067 3122 1304 3187 ‘Eratosthene'
1335 3122 1443 3204 fluxit,

199 3251 229 3313 p.
265 3232 371 3310 iuml,
410 3227 464 3291 uhi
498 3227 584 3309 qnod
621 3228 799 3311 ‘conplures
831 3230 987 3313 astrologi
1018 3229 1186 3294 finxerunt’
1219 3228 1444 3294 Eratostheni

200 3335 345 3417 debetur,
368 3354 465 3416 quem
488 3354 552 3397 non
576 3334 639 3398 nisi
662 3355 692 3399 n.
716 3338 760 3399 20
782 3334 904 3400 laudat.
947 3336 1086 3418 denique
1108 3336 1181 3400 loco
1203 3335 1278 3400 eius
1304 3334 1351 3400 de
1376 3356 1444 3418 quo

199 3443 308 3526 agitur
330 3440 506 3524 simillimo,
529 3439 596 3506 sch
613 3438 655 3502 10
669 3446 700 3524 8,
722 3441 865 3508 Sosithei
887 3450 987 3508 totam
1001 3442 1042 3508 de
1057 3442 1154 3507 Croto
1177 3441 1331 3506 fabulam
1355 3463 1446 3526 csse,

295 3744 315 3811 ¹)
333 3745 391 3797 Hoc
410 3743 521 3796 uidetur
544 3743 673 3796 habuisse
692 3746 727 3795 X.
766 3743 869 3812 legitur
887 3743 960 3797 enim
983 3744 1013 3796 in
1033 3742 1129 3798 Duru
1152 3743 1189 3809 (⁶2
1212 3744 1327 3811 Voss').
1369 3747 1451 3815 quod

199 3834 299 3902 reliqui
319 3834 424 3886 hahent
443 3834 612 3897 Inicifcram,
637 3849 671 3884 ex
689 3850 716 3883 u.
735 3832 768 3884 21
793 3850 842 3899 pro
859 3832 913 3885 hac
931 3850 996 3886 uoce
1015 3836 1111 3901 aperte
1133 3835 1265 3900 corrupta
1284 3833 1450 3904 interpola·

199 3930 260 3979 tum
284 3926 335 3976 est.
372 3921 398 3974 ei
417 3938 502 3987 quum
520 3919 670 3973 Bursianus
694 3922 788 3987 (quem
811 3920 887 3987 uide)
912 3922 1040 3989 proponit
1064 3921 1239 3975 coniecturae
1259 3924 1380 3977 Hcoum
1403 3925 1452 3992 (cl.

199 4033 226 4083 p,
249 4011 339 4077 1193]
363 4010 380 4062 i
405 4026 428 4062 e
455 4004 544 4074 Ῥῷον,
570 4011 666 4061 tamen
694 4008 722 4060 id
752 4009 861 4062 uidetur
888 4009 1030 4078 resurgam,
1057 4010 1131 4078 quod
1158 4012 1187 4064 et
1214 4010 1289 4079 cpit
1317 4016 1354 4068 et
1384 4015 1452 4070 Bes

199 4100 340 4169 ngpopor
358 4098 388 4150 in
406 4113 505 4166 graeco
524 4096 648 4164 exemplo
666 4096 750 4149 fuisse
768 4100 915 4151 testantur.

291 4206 316 4274 ²)
336 4204 436 4258 luania
453 4204 522 4256 haec
540 4220 597 4256 esse
619 4205 704 4256 uerba
727 4204 812 4256 etiam
836 4204 869 4256 iis
887 4204 953 4257 locis
972 4208 1163 4274 conprobatur,
1186 4205 1297 4274 thus
1320 4210 1458 4271 metuis

199 4297 310 4352 nomine
334 4294 462 4362 neglecto
485 4294 629 4344 nonnullos
652 4309 680 4344 se
701 4292 845 4359 sequimi,
868 4295 900 4345 nt
923 4312 986 4362 pag.
1007 4295 1068 4358 324
1092 4294 1140 4348 ubi
1156 4293 1243 4351 Aruh’
1323 4296 1409 4306 ”
1432 4288 1438 4299 '

199 4387 312 4457 profert,
332 4383 410 4437 cuius
429 4398 529 4434 nomen
548 4383 577 4433 et
595 4380 714 4448 epitome
734 4384 762 4433 et
780 4381 884 4434 scholia
898 4382 1054 4436 Germanici
1072 4384 1223 4441 adferunt-

199 4476 293 4545 pretii‚
313 4491 376 4527 cum
395 4489 419 4525 e.
439 4489 466 4536 g.
485 4487 549 4538 pag.
568 4469 649 4531 45‚14
669 4471 816 4535 Euripides
834 4488 894 4521 cum
913 4476 1005 4524 ceteris
1027 4471 1128 4537 (solum
1144 4473 1185 4530 Eu

196 4564 265 4632 epit
286 4566 316 4617 et
334 4561 390 4615 sch
407 4558 513 4625 Germ.)
537 4559 771 4618 commemoretur,
795 4558 840 4609 nel
860 4559 1146 4620 concursatorem

181 4656 298 4706 Aratus
316 4661 344 4705 et
363 4653 419 4705 clii
436 4653 593 4720 conplures,
611 4647 677 4712 ‘lod
694 4645 764 4714 (sch.
784 4642 830 4711 l'll
850 4649 994 4717 Acuchplae
1012 4658 1036 4702 ct
1052 4655 1145 4703 soum
