3254 5040
786 234 831 310 50

701 330 913 344 ——1

195 434 362 525 capiamus
390 459 411 505 a
439 436 600 506 nonnullis
632 435 713 506 loeis
746 440 778 504 in
807 442 836 504 R
869 446 901 505 et
933 439 1065 506 scholiis
1097 446 1184 505 recte
1217 436 1437 521 seruatis¹³):

195 545 261 613 95
283 550 421 633 penisos,
451 568 522 612 curn
546 553 721 612 ceterorum
745 546 892 612 codicum
921 552 1070 632 (excepto
1094 550 1128 630 P,
1157 547 1211 630 qui
1240 568 1283 613 ex
1313 546 1438 613 codice

195 653 388 737 Reginensis
416 654 577 719 simillimo
600 652 703 730 fluxit)
732 654 880 720 lectionis
909 654 999 738 origo
1024 654 1065 719 sit
1088 654 1191 719 forma
1219 654 1253 719 in
1276 658 1437 739 puniceos

195 768 353 847 corrupta.
388 759 430 824 14
453 763 473 826 3
498 763 624 845 iphicle,
650 766 747 826 ceteri
765 763 867 845 piciclo
890 761 943 826 uel
960 763 1065 845 pindo,
1105 758 1123 823 7
1148 765 1168 828 6
1191 764 1329 845 aesopici,
1356 781 1436 827 eum

195 867 281 950 quod
314 869 384 931 ΗΜ
416 867 536 933 hahent
571 889 701 951 seseque,
738 874 773 931 ut
809 874 894 934 totus
926 868 1017 934 locus
1049 874 1232 953 mutaretur,
1270 867 1435 935 effecerit

196 972 239 1037 24
262 976 282 1039 2
305 976 445 1057 Proepou
473 981 518 1039 cst
544 977 714 1058 appellatus
737 974 770 1038 in
792 976 862 1039 ΒΜ
882 974 914 1039 in
938 977 992 1038 Pr.
1017 997 1082 1039 esse
1104 997 1155 1059 cp.
1183 980 1342 1040 mutatum
1370 984 1434 1061 est,

195 1081 228 1145 in
243 1082 307 1145 FU
326 1080 359 1144 in
373 1084 562 1165 Proeyoueui
585 1083 779 1165 appeliatum,
805 1102 886 1164 quas
910 1081 1065 1147 lectiones
1090 1088 1177 1148 ortas
1192 1101 1265 1148 esse
1284 1088 1435 1167 apparet

200 1207 240 1253 ex
264 1187 503 1274 conpendiosus
528 1188 706 1273 scripturae
730 1208 846 1272 errore,
870 1209 942 1253 cum
965 1208 1022 1273 pro
1042 1197 1087 1254 est
1100 1194 1142 1268 (θ)
1165 1188 1199 1253 in
1211 1190 1282 1252 ΒΜ
1302 1195 1434 1255 temere

197 1294 389 1361 scriberetur
403 1318 468 1361 esse
483 1297 556 1380 (ee),
581 1296 638 1360 alii
661 1295 784 1360 librarii
807 1315 866 1380 pro
884 1297 1051 1379 procpoui
1071 1295 1217 1379 legerent
1234 1317 1433 1380 procpouem

196 1408 227 1467 et
241 1402 327 1485 quod
342 1403 486 1486 sequitur
499 1402 705 1487 participium
720 1402 908 1467 accusatiuo
924 1401 1212 1470 accommodarent.
1224 1440 1266 1449 —
1281 1402 1433 1487 denique

194 1509 259 1575 huc
282 1508 386 1576 refero
410 1508 517 1594 1212,
541 1509 595 1574 ubi
619 1509 788 1591 genetiuus
812 1512 931 1593 aquilae
955 1508 1146 1575 scholiorum
1170 1509 1309 1576 lectione
1334 1513 1432 1589 (uus)

194 1615 340 1682 firmatur
363 1623 404 1696 (u.
429 1636 527 1701 supra
550 1637 580 1700 p.
604 1618 670 1695 38).

284 1741 367 1807 Aliis
391 1741 472 1806 locis
495 1743 565 1806 ΒΜ
591 1761 662 1806 cum
686 1740 817 1806 scholiis
841 1740 1000 1824 genuinas
1028 1741 1184 1807 lectiones
1212 1748 1434 1808 seruauerunt

195 1849 228 1912 in
260 1851 290 1912 R
322 1846 486 1912 foedatas:
520 1847 553 1912 in
587 1847 720 1914 summis
753 1847 918 1914 stellarum
950 1847 1112 1914 addendis
1145 1869 1217 1914 eum
1248 1870 1269 1914 a
1300 1848 1432 1916 tradita

194 1955 348 2020 memoria
371 1954 547 2021 recessisse
562 1962 603 2034 (u.
621 1975 719 2040 supra
734 1976 765 2039 p.
783 1960 814 2032 9)
840 1954 1034 2022 scholiorum
1057 1976 1128 2021 cum
1151 1956 1268 2022 nostris
1290 1963 1431 2040 praeter

195 2081 266 2127 eum
299 2060 465 2128 codicibus
498 2082 655 2128 consensu
687 2061 839 2127 firmatur.
895 2061 936 2124 lo
962 2065 1001 2127 13
1024 2064 1069 2126 R¹
1100 2063 1296 2146 singularem
1322 2062 1432 2130 habet

195 2189 358 2253 sensuque
382 2175 545 2234 carentem
568 2169 739 2234 lectionem
767 2172 847 2253 quod
874 2191 949 2253 equo
980 2171 1073 2234 uulio
1100 2178 1185 2235 scius
1208 2178 1294 2251 esset,
1324 2170 1378 2235 cui
1405 2192 1430 2237 a

194 2280 278 2342 m.2
307 2276 442 2358 uulgata
465 2276 561 2341 lectio
585 2276 804 2361 superscripta
828 2283 877 2342 est
904 2279 985 2360 quod
1012 2299 1086 2360 equo
1114 2279 1242 2343 cicuitum
1269 2279 1310 2341 sit
1334 2298 1427 2344 usus.

194 2383 251 2448 illa
280 2382 439 2466 quomodo
468 2390 538 2447 orta
567 2383 617 2467 sit,
649 2382 773 2447 indicet
805 2383 901 2448 lectio
934 2385 1028 2448 uiuite
1060 2403 1118 2467 pro
1152 2386 1289 2468 muitum,
1322 2404 1427 2466 quam

196 2490 390 2556 Staverenus
415 2511 455 2557 ex
479 2489 508 2555 ι2
532 2490 635 2557 Voss!
659 2489 788 2574 profert.
836 2509 876 2554 ex
898 2493 937 2554 sii
960 2512 1036 2554 usus
1059 2499 1088 2554 et
1110 2489 1231 2554 factum
1259 2497 1308 2555 est
1334 2499 1428 2557 setus

196 2606 281 2663 esset.
320 2598 497 2663 Bursianus
514 2597 626 2662 codice
640 2600 670 2661 R
692 2597 791 2662 fretus
812 2597 994 2662 coniecerat
1017 2619 1091 2681 equo
1114 2599 1165 2661 uei
1186 2599 1268 2662 uuio
1290 2606 1426 2665 uenatus

194 2705 327 2783 esset14).
374 2725 439 2770 non
460 2704 564 2769 minus
588 2703 785 2770 reiciendum
808 2710 865 2788 est,
890 2703 976 2787 quod
1000 2703 1085 2770 idern
1111 2701 1152 2766 12
1180 2706 1220 2769 10
1243 2702 1367 2769 codicis
1392 2708 1425 2769 R

288 2914 320 2982 ¹⁸)
340 2935 366 2969 u.
382 2935 465 2986 supra
477 2935 503 2985 p.
519 2920 561 2981 46,
581 2917 629 2970 ubi
643 2917 789 2971 lectionem
804 2917 861 2971 solo
875 2919 901 2969 R
916 2919 1056 2971 seruatam
1075 2921 1110 2971 ad
1129 2921 1315 2971 concedendum
1334 2918 1424 2973 etiam

194 3005 224 3060 in
242 3008 270 3058 Y
284 3005 367 3060 fuisse
385 3005 495 3060 scholiis
513 3005 676 3060 Strozzienis
695 3006 834 3074 probatur.
868 3009 1010 3075 praeterea
1029 3023 1062 3060 ex
1081 3024 1114 3060 ea
1126 3006 1232 3076 Hygini
1251 3010 1329 3076 parte
1348 3025 1424 3074 quae

195 3094 304 3150 scholiis
322 3112 378 3148 non
397 3098 438 3149 est
456 3097 567 3149 seruata
585 3094 668 3148 liceat
687 3093 793 3148 adferre
811 3095 899 3148 locum
920 3095 1103 3149 certissimum
1122 3114 1148 3165 p.
1168 3097 1256 3160 65,10,
1280 3095 1327 3149 ubi
1346 3097 1424 3164 quod

194 3186 267 3238 solus
278 3188 304 3238 R
317 3187 381 3238 ante
391 3186 487 3252 pedem
501 3181 613 3237 exhibet
627 3185 764 3236 exiluisset
774 3192 797 3237 et
810 3184 942 3253 epitomes
955 3185 1089 3238 memoria
1103 3179 1271 3254 (ἐκπηδήσας)
1285 3184 1421 3240 firmatur.

196 3303 229 3310 —
248 3274 334 3327 mirus
354 3276 395 3327 est
413 3272 578 3327 scholiorum
596 3275 624 3327 et
643 3272 742 3326 codicis
755 3275 781 3325 R
799 3290 943 3327 consensus
962 3274 995 3327 de
1013 3274 1096 3327 uerbo
1115 3277 1241 3327 diieeisse
1263 3270 1294 3326 12
1308 3276 1333 3338 2,
1356 3291 1422 3327 cum

195 3364 279 3418 ceteri
298 3363 373 3417 codd.
397 3366 470 3416 recte
493 3364 526 3416 ut
549 3361 659 3416 uidetur
682 3378 775 3415 omnes
798 3361 919 3415 habeant
943 3366 1070 3431 deieyisse
1093 3358 1196 3431 (ἔλαχεν
1215 3361 1290 3430 epit,
1310 3361 1342 3415 ef.
1362 3361 1420 3418 sch.

195 3451 298 3521 Sangj.
330 3468 394 3504 casu
414 3450 529 3504 eandem
543 3468 637 3505 uocem
652 3450 681 3503 in
695 3452 812 3517 utroque
831 3450 962 3519 scriptam
976 3468 1033 3505 esse
1051 3468 1113 3505 eum
1127 3451 1176 3504 uix
1193 3450 1279 3519 possit
1292 3449 1420 3519 cogitari,

195 3541 309 3594 fortasse
327 3541 422 3595 licebit
440 3540 562 3594 conicere
580 3539 610 3592 in
628 3538 727 3593 codicis
741 3542 767 3592 R
785 3540 910 3608 exemplo
928 3557 961 3594 ex
980 3544 1072 3595 uetere
1090 3540 1215 3594 lectionis
1234 3538 1421 3608 discrepantia

195 3632 342 3696 utramque
360 3629 507 3683 lectionem
525 3628 608 3682 fuisse
627 3628 815 3698 perscriptam,
840 3629 886 3682 uel
904 3629 995 3698 ipsum
1013 3632 1039 3682 R
1056 3631 1129 3684 hanc
1147 3629 1292 3684 lectionem
1311 3646 1344 3683 ex
1362 3629 1420 3683 alio

196 3717 287 3772 codice
305 3718 479 3787 desumptam
498 3735 547 3787 pro
565 3719 683 3787 uulgata
700 3718 840 3787 recepisse.

288 3822 322 3892 ¹⁴)
341 3825 426 3878 Aliud
443 3824 666 3894 interpolationis
685 3826 840 3894 exemplum
859 3842 892 3879 ex
911 3843 944 3879 ea
962 3825 1067 3895 Hygini
1086 3828 1166 3894 parte
1184 3843 1255 3895 quae
1273 3844 1290 3880 a
1308 3824 1418 3879 scholiis

196 3914 287 3968 aliena
306 3917 347 3967 est
366 3914 450 3968 licent
468 3914 595 3983 proferre.
632 3933 659 3983 p.
679 3916 739 3980 52,5
758 3932 808 3983 pro
826 3915 930 3983 ‘itaque
949 3915 1048 3984 anguis
1067 3917 1144 3969 etia
1161 3918 1319 3983 Aesculapii
1336 3917 1418 3967 tutele

196 4012 220 4056 et
238 4004 268 4056 in
287 4003 368 4057 astris
387 4003 488 4057 dicitur
512 4005 667 4058 collocetus'
687 4007 713 4057 R
730 4004 815 4058 habet
835 4004 860 4057 ‘i.
880 4022 905 4058 a.
925 4008 953 4058 et
971 4007 1152 4072 Aesculapius
1170 4002 1212 4071 (=
1233 4005 1289 4059 cod.
1310 4002 1418 4071 Oruill.)

195 4096 270 4147 Iouis
289 4095 370 4146 tutele
388 4092 418 4145 in
433 4111 456 4146 a.
472 4094 498 4146 d.
514 4094 554 4157 c.'‚
573 4093 646 4160 quod
664 4110 719 4147 non
738 4095 779 4147 est
797 4093 976 4161 probandum.
1008 4111 1074 4147 nam
1093 4096 1168 4147 Iouis
1186 4096 1265 4146 tutele
1285 4093 1324 4147 sic
1341 4110 1417 4146 usur-

195 4185 293 4251 patum
317 4182 550 4236 aconsuetudine
568 4182 674 4251 Hygini
698 4183 834 4246 abhorret,
858 4200 922 4236 cum
941 4184 1025 4236 ‘Iouis
1043 4184 1094 4236 etc.
1119 4183 1247 4249 beneficio'
1271 4199 1352 4251 saepe
1370 4183 1417 4236 ed·

196 4272 299 4327 hibent.
327 4271 413 4325 etiam
432 4271 571 4325 sententie
589 4270 700 4340 uulgari
719 4271 830 4325 lectioni
851 4271 935 4326 fauet.
965 4270 1159 4339 Aesculapium
1178 4271 1252 4325 enim
1271 4288 1327 4326 esse
1346 4270 1417 4323 illud

196 4361 334 4430 Ophiuchi
352 4360 462 4430 signum
481 4378 544 4414 cum
563 4363 646 4414 antea
664 4360 769 4414 dictum
788 4360 824 4414 sit
843 4362 881 4429 (p.
901 4364 1000 4426 culs),
1019 4361 1076 4414 iam
1095 4360 1170 4427 (inde
1188 4378 1205 4414 a
1223 4379 1250 4413 u.
1269 4361 1315 4428 25)
1335 4377 1418 4414 eausa

195 4453 333 4515 narratur,
357 4467 404 4503 cur
423 4466 542 4519 anguem
561 4448 688 4502 munibus
711 4451 807 4502 tenens
830 4449 965 4519 figuratus
984 4449 1028 4514 sit,
1053 4449 1096 4503 ita
1115 4453 1146 4503 ut
1165 4449 1192 4505 h.
1211 4450 1229 4502 l.
1250 4467 1369 4520 anguem
1387 4449 1417 4503 in

195 4539 254 4594 eius
276 4539 396 4593 tutelam
417 4542 557 4608 receptum
580 4537 717 4606 simulque
736 4537 815 4607 signo
833 4538 891 4593 eius
915 4538 1026 4593 caelesti
1049 4538 1218 4594 attributum
1235 4556 1292 4594 esse
1310 4556 1417 4595 necesse
