3254 5040
800 333 840 396 37

201 527 359 609 imaginis
396 527 544 611 formam,
582 546 647 610 qua
684 526 792 610 capita
825 533 950 610 septem
981 525 1111 590 illarum
1148 526 1308 608 uirginum
1346 533 1434 591 certo

203 633 349 717 quodam
372 633 484 700 ordine
508 634 668 718 disposita
693 639 766 699 sunt
787 631 832 719 (u.
849 631 928 700 Ottl.
948 634 1015 701 tab.
1030 632 1129 716 XIV),
1154 631 1273 698 factum
1298 652 1372 699 esse
1395 652 1435 697 ex

203 740 373 807 simillima
403 742 607 826 planetarum
641 738 710 825 (25)
743 741 855 804 tabula
888 739 1099 823 intellegitur,
1132 739 1165 803 in
1198 759 1262 822 qua
1294 739 1435 822 quinque

138 889 142 894 -
203 847 341 913 deorum
355 848 465 932 capita
480 867 538 913 suo
554 845 704 930 quodque
729 845 851 912 scholio
867 845 1100 911 circumdatum
1115 844 1159 910 ad
1172 845 1267 911 unius
1281 845 1434 928 imaginis

202 953 413 1019 concordiam
437 974 557 1037 magna
580 959 650 1018 arte
673 953 757 1017 inter
781 972 817 1017 se
841 953 1013 1018 coniuncta
1037 959 1112 1018 sunt
1136 951 1227 1030 (Ottl.
1252 953 1316 1017 tab.
1331 952 1433 1033 XIX).

203 1059 267 1126 sed
290 1061 461 1146 capotius
484 1060 544 1125 fuit
563 1081 674 1145 causa,
698 1059 793 1142 quod,
818 1080 889 1125 cum
912 1059 1000 1145 apud
1014 1060 1179 1143 Hyginum
1195 1057 1347 1124 Pleiades
1369 1077 1435 1122 non

206 1174 241 1231 ut
277 1175 386 1233 cetera
422 1168 517 1251 signa
553 1167 683 1252 proprio
720 1166 791 1231 loco
828 1172 1126 1251 commemorentur,
1165 1165 1223 1232 sed
1260 1185 1324 1230 una
1362 1184 1435 1229 cum

206 1273 377 1358 Hyadibus
400 1282 435 1339 ut
449 1274 550 1339 Tauri
573 1272 801 1358 appendices²l
827 1271 874 1359 (ΙΙ
889 1277 940 1342 21.
956 1273 1085 1353 ΙΠ20),
1109 1272 1163 1337 hic
1187 1271 1228 1336 de
1244 1270 1433 1337 Pleiadibus

205 1381 296 1446 locus
311 1401 384 1445 eum
399 1382 454 1463 qui
477 1379 521 1445 ad
543 1379 702 1463 imagines
725 1379 947 1446 inlustrandos
961 1381 1125 1464 Hyginum
1149 1379 1327 1464 conpilauit
1341 1376 1433 1462 fugit.

201 1485 321 1551 eadem
349 1488 474 1553 ratione
501 1487 535 1551 in
562 1487 747 1553 uniuersum
773 1486 898 1570 Hygini
928 1487 1070 1570 uestigia
1104 1486 1314 1553 scholiastam
1341 1485 1433 1549 illum

202 1601 351 1658 secutum
376 1613 450 1659 esse
472 1593 537 1657 iam
561 1592 846 1667 demonstrandum
870 1600 929 1660 est.

294 1701 344 1763 Ex
368 1699 509 1765 secundo
534 1708 566 1765 et
589 1701 684 1765 tertio
698 1699 821 1784 Hygini
844 1700 925 1764 libro
948 1699 1031 1765 haec
1055 1699 1179 1765 scholia
1203 1697 1343 1764 conflata
1358 1704 1432 1762 sunt

204 1805 258 1888 ita,
287 1807 376 1870 utin
405 1826 598 1890 unaquaque
627 1807 770 1889 imagine
797 1805 840 1870 ad
868 1805 998 1873 fabulas
1027 1806 1185 1872 siderales
1218 1827 1258 1872 ex
1289 1802 1431 1871 secundo

203 1911 286 1978 libro
314 1911 502 1998 desumptas
533 1913 619 1978 tertii
648 1914 722 1978 libri
750 1920 860 1998 caput,
894 1934 956 1997 quo
990 1912 1032 1978 de
1065 1912 1212 1979 eiusdem
1244 1911 1330 1995 signi
1358 1910 1431 1993 situ,

199 2026 275 2084 ortu
299 2026 332 2084 et
355 2040 482 2105 occasu,
507 2020 619 2086 ordine
644 2027 676 2086 et
698 2041 830 2097 numero
855 2021 1023 2087 stellarum
1046 2020 1160 2103 agitur,
1189 2019 1429 2102 adiungeretur.

200 2125 383 2210 praefixum
412 2135 461 2193 est
487 2147 604 2192 nomen
633 2128 719 2212 signi
746 2147 852 2211 aeque
880 2147 920 2192 ac
947 2127 1084 2211 singulis
1107 2127 1229 2211 Hygini
1258 2125 1429 2211 capitibus.

199 2239 315 2298 contra
329 2241 417 2299 recte
436 2240 510 2299 sunt
524 2235 665 2300 omissae
679 2254 763 2316 quae
777 2254 841 2298 non
856 2234 960 2299 solum
973 2234 1007 2298 in
1022 2233 1235 2299 deterioribus
1250 2232 1426 2314 codicibus,

199 2338 383 2404 sedetiam
408 2360 449 2405 ex
476 2341 706 2407 uetustioribus
730 2341 763 2405 in
785 2343 847 2405 Dll
876 2341 1008 2425 saepius
1036 2341 1168 2426 insuper
1195 2339 1359 2405 adduntur
1382 2339 1428 2401 in-

203 2446 404 2530 scriptiones,
432 2466 460 2514 e.
485 2468 517 2530 g.
546 2446 597 2511 ‘de
624 2447 754 2512 Perseo'
784 2455 855 2531 etc,
884 2467 968 2530 quae
996 2447 1030 2512 in
1052 2450 1087 2512 X
1113 2454 1145 2513 et
1172 2447 1206 2511 in
1234 2445 1429 2513 scholiorum

199 2552 350 2637 exemplo
365 2553 551 2636 Hyginiano
571 2552 790 2620 l'defuerunt.
830 2554 929 2618 etiam
941 2574 1117 2638 pronomen
1131 2552 1429 2634 demonstratiuum,

177 2678 223 2722 ·a
247 2678 310 2740 quo
333 2659 478 2725 narratio
507 2659 706 2743 singulorum
730 2660 872 2744 capitum
900 2660 999 2724 ordiri
1023 2661 1114 2745 solet,
1141 2660 1174 2724 in
1199 2659 1331 2725 scholiis
1355 2677 1428 2722 eon-

199 2772 367 2829 seruatum
391 2771 442 2830 est
465 2763 523 2843 (20
544 2769 572 2830 is
595 2786 653 2850 pro
677 2768 732 2847 bie,
759 2763 798 2828 18
821 2769 867 2832 bic
890 2787 947 2850 pro
971 2769 1009 2831 de
1031 2769 1093 2850 boo,
1116 2786 1146 2834 u.
1171 2764 1245 2831 adn.
1260 2767 1305 2850 4).
1340 2762 1427 2848 quod

200 2873 238 2935 K
256 2871 290 2935 in
316 2869 352 2934 ll
377 2871 528 2954 Sagittam
554 2875 632 2937 lacae
659 2871 798 2956 scripsit,
825 2872 899 2937 huic
928 2872 1060 2937 librario
1089 2872 1207 2956 tribuo,
1234 2892 1294 2936 nec
1321 2872 1427 2936 minus

200 2976 290 3061 quod
312 2978 346 3041 in
368 2975 389 3040 8
412 2977 501 3062 apud
525 2978 696 3063 Oyriaoum
724 2987 831 3045 exstat
853 2980 1026 3064 Aqrmricm
1052 2972 1131 3045 abac
1154 3000 1174 3044 a
1198 2979 1346 3044 codicum
1368 2978 1428 3042 Ac

197 3084 362 3150 communi
383 3084 472 3150 fonte
495 3084 636 3150 alienum
659 3105 733 3152 esse
756 3105 884 3153 censeo.
929 3085 970 3154 cf.
994 3087 1079 3170 Hyg.
1104 3086 1135 3149 Π
1158 3089 1188 3152 2.
1205 3089 1234 3151 8.
1249 3089 1279 3152 9.
1305 3088 1422 3151 13.15.

204 3194 254 3260 18.
284 3194 335 3257 22.
363 3194 416 3258 25.
447 3195 498 3258 27.
526 3195 578 3260 28.
608 3195 660 3258 32.
690 3195 742 3277 34,
778 3213 820 3258 ne
853 3193 958 3258 dicam
991 3192 1033 3257 de
1065 3192 1106 3258 iis
1138 3192 1232 3276 locis,
1269 3192 1323 3256 ubi
1353 3211 1426 3275 pro·

196 3297 338 3363 nominis
366 3298 535 3381 genetiuus
563 3299 617 3364 uel
640 3319 712 3365 cum
741 3299 982 3384 praepositione
1010 3299 1172 3365 ablatiuus
1201 3298 1348 3380 exstat3).
1394 3305 1426 3364 et

196 3404 330 3469 nomina
367 3404 530 3488 signorum
566 3425 681 3470 reuera
717 3413 753 3471 ut
789 3405 1015 3490 inscriptiones
1053 3411 1207 3489 separata
1243 3426 1264 3469 a
1301 3423 1425 3469 conexu

195 3510 394 3576 narrationis
418 3511 509 3577 initio
533 3511 732 3595 singulorum
756 3512 898 3596 capitum
921 3532 994 3578 esse
1017 3511 1187 3578 conlocata
1211 3519 1323 3595 aperte
1337 3531 1424 3578 mon·

197 3623 283 3683 strat
295 3618 438 3682 Piscium
460 3618 588 3683 initium
611 3620 656 3700 (Π
671 3621 715 3685 30
730 3617 797 3685 sch.
813 3616 857 3699 3).
881 3616 921 3686 of.
937 3621 990 3684 41.
1008 3621 1058 3686 14.
1074 3621 1126 3684 40.
1151 3619 1185 3683 in
1209 3618 1278 3684 solo
1293 3619 1325 3682 Π
1342 3621 1359 3683 7
1377 3617 1423 3700 (6)

195 3722 307 3808 Lyrae
334 3744 451 3789 nomen
475 3724 573 3790 etiam
600 3724 697 3809 primi
725 3725 883 3791 enuntiati
905 3732 956 3791 est
983 3724 1170 3792 subiectum.
1218 3721 1326 3811 [1123
1350 3744 1423 3809 pro·

198 3850 316 3895 nomen
333 3833 381 3895 bic
395 3851 416 3894 a
429 3831 555 3896 Bunteo
570 3831 688 3896 iniuria
703 3832 857 3897 omissum
872 3838 929 3916 est,
949 3852 1020 3896 cum
1035 3832 1068 3895 in
1082 3852 1145 3897 uno
1160 3834 1192 3896 D
1205 3831 1424 3918 interciderit]

291 3987 312 4056 ¹)
335 3990 434 4057 Itaque
461 3989 597 4060 imagines
624 3990 769 4044 Pleiadum
797 3991 895 4044 desunt
921 3990 952 4043 in
978 3991 1097 4045 uetustis
1124 3975 1231 4060 Hygini
1258 3975 1425 4046 editionibus

196 4077 275 4146 (ante
293 4079 473 4134 Munckerum
491 4082 520 4133 et
539 4079 727 4144 Staverenum,
746 4079 795 4146 qui
814 4079 970 4133 Germanici
988 4080 1088 4134 codicis
1107 4080 1218 4134 Susiani
1236 4079 1371 4150 imagines
1390 4098 1424 4135 ex

195 4167 289 4222 Grotii
308 4168 491 4237 syntagmate
507 4167 631 4222 mutuati
649 4169 724 4233 sunt)
748 4171 777 4221 et
795 4167 825 4220 ni
843 4167 924 4222 fallor
946 4168 1033 4222 ineis
1052 4169 1128 4223 codd.
1147 4168 1351 4234 recentioribus,
1375 4170 1424 4237 qui

196 4255 335 4325 imagines
357 4257 470 4311 habent.
506 4256 610 4312 scholia
632 4256 720 4326 igitur
741 4257 810 4310 haec
833 4257 983 4311 Harleiana
1007 4275 1070 4311 cum
1092 4259 1127 4312 ab
1150 4258 1261 4327 Hygino
1288 4257 1423 4326 originem

195 4344 309 4410 ducant,
332 4344 468 4414 imagines
491 4345 526 4399 ad
549 4345 696 4413 antiquum
719 4345 842 4413 aliquem
864 4346 984 4400 codicem
1002 4348 1137 4400 Arateum
1159 4347 1283 4400 redeunt.
1320 4364 1346 4399 u.
1365 4349 1422 4400 not.

195 4434 234 4488 ad
251 4434 335 4488 schol.
357 4431 379 4488 l.

289 4521 311 4591 8)
330 4523 407 4577 Idem
424 4524 554 4577 mendum
570 4523 712 4578 interdum
729 4523 760 4576 in
778 4523 957 4577 deterioribus
971 4524 1043 4592 Hyg.
1058 4523 1133 4577 codd.
1148 4523 1273 4587 occurrit,
1293 4525 1424 4591 Sagittam

194 4608 253 4680 (ll)
274 4614 326 4666 cP
340 4612 452 4678 habent,
472 4614 501 4666 et
518 4612 601 4667 initio
620 4611 710 4681 Cygni
728 4609 767 4677 (7)
789 4614 894 4665 Olorem
911 4614 983 4665 hunc
1001 4614 1061 4664 FU.
