3254 5040
760 283 877 373 .-.---2
888 368 929 372 -
942 368 967 372 --

251 472 384 556 figuras,
414 492 498 554 quae
521 471 675 555 pingendi
700 479 802 535 artem
825 471 1094 552 Anglosaxonum
1121 471 1285 554 propriam
1308 471 1480 536 manifeste

252 579 405 661 indicant,
429 578 543 641 litteris
567 577 755 642 minusculis
779 577 916 643 adiecta.

341 703 507 788 Originem
531 711 639 769 autem
664 704 783 769 ducunt
806 703 932 768 scholia
956 703 1120 768 codicisA
1144 704 1252 768 omnia
1277 725 1316 769 ex
1337 704 1480 790 Hygini

252 810 293 874 de
315 811 512 876 astronomia
528 810 625 893 libro,
649 812 799 876 librarius
814 813 849 873 K
867 811 1023 875 minorem
1046 810 1158 875 horum
1172 818 1298 894 partem
1321 811 1481 895 repetiuit,

251 926 430 982 ceterorum
471 919 543 982 loco
587 917 739 982 scholia
778 918 1128 1000 sangermanensia
1170 937 1254 999 quae
1290 917 1480 1002 Breysigius

250 1025 380 1089 uocauit
405 1024 602 1101 (Germanioi
624 1026 745 1088 Aratea
768 1024 874 1089 Berol.
902 1027 1000 1104 18671
1025 1024 1206 1107 exscripsit.

341 1149 496 1213 Eiusdem
533 1148 620 1212 modi
659 1148 852 1212 scholiorum
889 1149 1007 1233 partim
1045 1169 1084 1212 ex
1119 1149 1248 1232 Hygino
1285 1149 1402 1233 prartirn
1441 1170 1481 1212 ex

254 1255 587 1338 Sangermanensibus
612 1254 852 1339 desumptorum
877 1274 917 1319 cx
932 1254 1046 1320 codice
1060 1255 1276 1320 bibliothecae
1292 1255 1481 1338 capitularis

252 1361 470 1426 Uercellensis
506 1361 604 1426 hodie
642 1360 809 1445 deperdito
849 1362 1004 1445 Cyriacus
1042 1362 1262 1426 Anconitanus
1298 1360 1482 1443 fragmenta

195 1481 219 1532 0
252 1468 406 1532 nonnulla
429 1469 485 1543 (C)
512 1468 679 1552 excerpsit,
704 1488 787 1551 quac
812 1469 845 1532 in
869 1470 1168 1533 commentariorum
1198 1468 1266 1532 eius
1289 1468 1481 1552 particula⁶l

252 1581 383 1639 seruata
413 1581 445 1638 et
475 1574 667 1640 abscondita
691 1574 861 1657 indagauit
890 1577 973 1657 Aug.
1003 1574 1236 1639 Reifferscheid
1266 1580 1309 1655 (u.
1338 1575 1413 1643 adn.
1439 1580 1482 1652 ὃ).

343 1714 473 1780 Scholia
496 1715 578 1782 haec
594 1716 810 1800 Hyginianaly
834 1737 898 1779 non
922 1715 1025 1780 solum
1049 1715 1093 1780 ad
1111 1715 1343 1781 restituendam
1358 1716 1480 1800 Hygini

252 1822 440 1886 memoriam
467 1823 601 1886 multum
629 1822 803 1906 conferunt,
833 1821 900 1905 sed,
929 1842 1000 1886 eum
1028 1822 1192 1906 Hyginum
1221 1843 1292 1886 cunr
1317 1822 1482 1887 Ciceronis

253 1929 352 1992 Arato
386 1928 588 1992 coniunctum
623 1928 771 2011 offerant,
804 1928 847 1992 ad
879 1930 1043 2011 utriusque
1075 1928 1149 1993 libri
1185 1928 1392 1994 astronomici
1425 1950 1484 2012 per

253 2034 395 2099 medium
437 2055 552 2100 aeuum
589 2035 763 2119 propagati
801 2032 1023 2101 condicionem
1064 2034 1298 2100 inlustrandam
1332 2033 1483 2100 uidentur

254 2150 341 2226 apta.
379 2140 512 2207 fluxisse
536 2162 574 2206 ea
599 2148 736 2226 apparet
760 2161 799 2205 ex
823 2142 999 2226 archetypo
1023 2142 1208 2226 Hyginiano
1232 2142 1289 2206 illo
1313 2141 1482 2226 deperdito

109 2320 112 2325 ,
188 2264 218 2316 Χ
254 2253 332 2331 (X),
361 2269 381 2312 a
409 2269 471 2331 quo
496 2249 595 2314 nostri
624 2246 754 2314 codices
783 2237 940 2331 originem
973 2254 1085 2332 petunt
1113 2248 1263 2332 omnes⁸,)
1298 2249 1481 2331 integriore.

253 2376 328 2419 narn
361 2356 445 2439 Hyg.
475 2356 506 2418 Π
537 2358 579 2420 33
614 2361 656 2438 (p.
687 2358 736 2437 71,
766 2358 805 2419 21
841 2355 967 2438 Β11110),
1002 2376 1074 2419 cum
1107 2355 1206 2420 nostri
1240 2354 1333 2420 codd.
1367 2355 1483 2420 eadem

253 2463 401 2527 laborent
423 2461 550 2545 lacuna,
575 2460 699 2526 scholia
721 2461 900 2526 Harleiana
923 2462 1103 2526 uberiorem
1127 2461 1279 2526 exhibent
1301 2461 1481 2545 lectionem,

253 2588 350 2652 quam
378 2587 454 2633 uere
483 2567 604 2652 Hygini
633 2588 706 2633 esse
736 2567 929 2632 scholiorum
954 2567 1137 2633 Germanici
1160 2568 1397 2634 Basileensium
1426 2568 1483 2633 ad-

254 2694 365 2759 sensu,
412 2674 528 2758 quibus
570 2674 650 2739 illud
695 2674 735 2739 de
780 2674 905 2759 Lepore
947 2681 1044 2760 caput
1086 2677 1127 2740 ab
1173 2675 1405 2760 interpolatore
1444 2696 1485 2741 ex

254 2782 384 2866 Hygino
422 2782 575 2847 inscrtum
609 2802 682 2847 csse
713 2780 925 2868 Bursianusll
964 2781 1119 2866 ostendit,
1158 2781 1243 2846 omni
1281 2780 1482 2847 dubitatione

254 2889 413 2953 eximitur.

344 2995 458 3078 ltaque
494 2993 587 3058 nobis
624 2993 761 3077 primunr
800 2993 840 3057 de
879 2994 1034 3059 subsidiis
1074 2995 1209 3071 criticis,
1248 2994 1363 3076 quibus
1400 3015 1484 3059 nunc

253 3101 297 3166 ad
330 3099 563 3166 restituendum
595 3106 777 3165 nostrorum
805 3100 926 3183 Hygini
960 3100 1106 3165 codicum
1138 3100 1349 3184 archetypum
1376 3102 1411 3163 X
1435 3101 1483 3165 uti

253 3208 338 3291 licet,
363 3205 586 3273 disserendum
611 3213 661 3272 est
685 3217 767 3290 (cap.
792 3206 837 3292 l),
861 3214 927 3270 tum
951 3210 990 3287 (c.
1015 3208 1059 3285 ll)
1082 3208 1116 3271 in
1139 3207 1273 3272 scholiis
1296 3206 1483 3272 Harleianis

254 3334 339 3398 quac
367 3315 507 3380 librariis
531 3313 711 3379 debeantur
736 3316 769 3394 (ξ
797 3313 838 3399 1),
867 3333 951 3395 quae
976 3314 1005 3378 01
1033 3314 1088 3396 qui
1118 3334 1158 3378 ex
1181 3314 1311 3398 Hygino
1340 3334 1379 3378 ea
1408 3301 1483 3378 vcon-

254 3421 364 3504 posuit
392 3424 426 3502 (ξ
451 3423 495 3503 3),
522 3440 587 3504 qua
614 3420 647 3484 in
675 3441 710 3485 re
740 3419 922 3502 fragmenta
949 3420 1007 3484 illa
1035 3420 1258 3486 Uercellensia
1285 3413 1489 3504 quamquam

255 3528 434 3612 perexigua
466 3533 558 3610 grato
588 3533 662 3592 sunt
694 3527 815 3590 auxilio
845 3525 952 3612 (12),
985 3535 1021 3592 ut
1049 3527 1232 3611 segregatis
1263 3526 1318 3610 iis,
1352 3546 1436 3609 quae
1464 3546 1485 3589 a

195 3639 223 3690 Y
257 3634 451 3699 scholiorum
488 3633 675 3718 Hyginiano
713 3633 860 3717 exemplo
894 3636 952 3710 (Y)
991 3632 1113 3700 afuisse
1151 3634 1248 3700 certis
1286 3633 1485 3717 argumentis

346 3934 368 4002 ⁶)
387 3937 417 3989 in
441 3936 611 4005 ‘fragmentis
636 3935 851 3989 Pisaurensibus'
877 3953 948 4002 quae
971 3940 1106 3989 uocantur
1129 3938 1164 3990 ab
1187 3937 1344 3991 Hannibale
1363 3936 1485 3990 Oliuerio

255 4025 350 4079 editis:
376 4024 643 4078 Commentariorum
662 4023 770 4092 Cyriaci
788 4023 957 4078 Anconitani
975 4041 1049 4078 noua
1067 4026 1225 4094 fragmenta
1243 4025 1316 4078 notis
1334 4025 1485 4078 illustrata.

255 4113 364 4179 Pisauri
383 4113 427 4180 (ex
445 4114 517 4166 Mus.
536 4112 651 4180 Oliuer.)
674 4112 742 4166 1763
761 4130 806 4180 pp.
827 4114 941 4166 42-44.

347 4199 368 4265 ²)
388 4202 428 4255 De
453 4200 549 4256 0010110
573 4202 608 4255 ab
631 4200 800 4270 Hyginianis
825 4201 932 4266 alienis,
961 4219 1032 4269 quae
1055 4202 1169 4256 minoris
1192 4204 1257 4255 sunt
1285 4200 1427 4264 momenti,
1455 4201 1486 4253 in

255 4292 392 4360 epimetro
411 4290 463 4359 egi.

349 4378 369 4448 ⁸)
389 4381 422 4434 cf.
441 4380 557 4434 Bursian
576 4380 745 4434 Mdnchener
762 4379 949 4449 Sitzungsber.
988 4381 1056 4449 phil.
1075 4380 1140 4434 hist.
1160 4380 1199 4433 Cl.
1219 4397 1243 4432 a.
1264 4380 1332 4432 1876
1351 4397 1377 4447 p.
1398 4380 1423 4433 4.

348 4467 369 4536 ⁰)
387 4469 418 4522 in
445 4469 536 4523 annal.
565 4468 661 4537 philol.
686 4486 710 4522 a.
737 4469 805 4522 1866
828 4487 856 4537 p.
881 4471 931 4524 766
955 4470 1018 4523 adn.
1046 4471 1084 4523 13.
1122 4471 1187 4521 sunt
1214 4472 1310 4522 autem
1337 4468 1422 4521 uerba
1450 4470 1487 4520 ‘et

257 4561 354 4627 postea
372 4559 402 4612 in
421 4557 508 4628 ipsius
525 4559 616 4628 figura
634 4556 773 4612 dicemus'.
