<?xml version="1.0" encoding="UTF-8"?>
<!DOCTYPE html PUBLIC "-//W3C//DTD XHTML 1.0 Transitional//EN"
    "http://www.w3.org/TR/xhtml1/DTD/xhtml1-transitional.dtd">
<html xmlns="http://www.w3.org/1999/xhtml" xml:lang="en" lang="en">
 <head>
  <title>
</title>
<meta http-equiv="Content-Type" content="text/html;charset=utf-8" />
  <meta name='ocr-system' content='tesseract 3.04.00' />
  <meta name='ocr-capabilities' content='ocr_page ocr_carea ocr_par ocr_line ocrx_word'/>
</head>
<body>
  <div class='ocr_page' id='page_1' title='image "./dehyginimemoria00kaufgoog_0053.png"; bbox 0 0 3254 5040; ppageno 0'>
   <div class='ocr_carea' id='block_1_1' title="bbox 701 213 830 308">
    <p class='ocr_par' dir='ltr' id='par_1_1' title="bbox 701 213 830 308">
     <span class='ocr_line' id='line_1_1' title="bbox 701 213 830 308; baseline 0 -32"><span class='ocrx_word' id='word_1_1' title='bbox 701 303 750 308; x_wconf 75' lang='lat'><strong>--</strong></span> <span class='ocrx_word' id='word_1_2' title='bbox 786 213 830 276; x_wconf 88' lang='grc'><strong>42</strong></span> 
     </span>
    </p>
   </div>
   <div class='ocr_carea' id='block_1_2' title="bbox 194 402 1426 916">
    <p class='ocr_par' dir='ltr' id='par_1_2' title="bbox 194 402 1426 916">
     <span class='ocr_line' id='line_1_2' title="bbox 195 402 1426 489; baseline 0.001 -20"><span class='ocrx_word' id='word_1_3' title='bbox 195 405 381 470; x_wconf 89' lang='lat' dir='ltr'>necessaria</span> <span class='ocrx_word' id='word_1_4' title='bbox 405 403 448 468; x_wconf 91' lang='lat' dir='ltr'><strong>ad</strong></span> <span class='ocrx_word' id='word_1_5' title='bbox 471 424 538 470; x_wconf 93' lang='lat' dir='ltr'>rem</span> <span class='ocrx_word' id='word_1_6' title='bbox 563 425 636 471; x_wconf 89' lang='lat' dir='ltr'>esse</span> <span class='ocrx_word' id='word_1_7' title='bbox 659 405 852 489; x_wconf 89' lang='lat' dir='ltr'>uiderentur,</span> <span class='ocrx_word' id='word_1_8' title='bbox 882 425 903 470; x_wconf 88' lang='lat' dir='ltr'>a</span> <span class='ocrx_word' id='word_1_9' title='bbox 927 405 1104 471; x_wconf 77' lang='lat' dir='ltr'>scholiasta</span> <span class='ocrx_word' id='word_1_10' title='bbox 1127 406 1250 471; x_wconf 91' lang='lat' dir='ltr'>omissa</span> <span class='ocrx_word' id='word_1_11' title='bbox 1274 424 1347 470; x_wconf 88' lang='grc'><strong>6666</strong></span> <span class='ocrx_word' id='word_1_12' title='bbox 1369 402 1426 470; x_wconf 86' lang='lat' dir='ltr'><strong>his</strong></span> 
     </span>
     <span class='ocr_line' id='line_1_3' title="bbox 198 511 1426 595; baseline 0.002 -20"><span class='ocrx_word' id='word_1_13' title='bbox 198 511 330 577; x_wconf 79' lang='lat' dir='ltr'>docetur</span> <span class='ocrx_word' id='word_1_14' title='bbox 353 512 518 595; x_wconf 85' lang='lat' dir='ltr'>exemplis.</span> <span class='ocrx_word' id='word_1_15' title='bbox 551 511 595 576; x_wconf 92' lang='lat' dir='ltr'><strong>ad</strong></span> <span class='ocrx_word' id='word_1_16' title='bbox 619 511 753 578; x_wconf 89' lang='lat' dir='ltr'>secundi</span> <span class='ocrx_word' id='word_1_17' title='bbox 776 513 850 577; x_wconf 85' lang='lat' dir='ltr'>libri</span> <span class='ocrx_word' id='word_1_18' title='bbox 877 511 972 577; x_wconf 88' lang='lat' dir='ltr'>finem</span> <span class='ocrx_word' id='word_1_19' title='bbox 996 511 1151 577; x_wconf 88' lang='lat' dir='ltr'>nonnulla</span> <span class='ocrx_word' id='word_1_20' title='bbox 1175 532 1247 577; x_wconf 91' lang='lat' dir='ltr'>enm</span> <span class='ocrx_word' id='word_1_21' title='bbox 1272 511 1426 577; x_wconf 90' lang='lat' dir='ltr'>omisisse</span> 
     </span>
     <span class='ocr_line' id='line_1_4' title="bbox 195 617 1426 703; baseline -0.001 -21"><span class='ocrx_word' id='word_1_22' title='bbox 195 619 261 682; x_wconf 91' lang='lat' dir='ltr'><strong>iam</strong></span> <span class='ocrx_word' id='word_1_23' title='bbox 283 638 358 702; x_wconf 85' lang='lat' dir='ltr'>pag.</span> <span class='ocrx_word' id='word_1_24' title='bbox 383 622 424 683; x_wconf 90' lang='grc'><strong>41</strong></span> <span class='ocrx_word' id='word_1_25' title='bbox 448 619 566 685; x_wconf 90' lang='lat' dir='ltr'>monui.</span> <span class='ocrx_word' id='word_1_26' title='bbox 610 626 781 703; x_wconf 89' lang='lat' dir='ltr'>praeterea</span> <span class='ocrx_word' id='word_1_27' title='bbox 805 617 953 684; x_wconf 88' lang='lat' dir='ltr'>conferas</span> <span class='ocrx_word' id='word_1_28' title='bbox 968 617 989 680; x_wconf 81' lang='lat'>8</span> <span class='ocrx_word' id='word_1_29' title='bbox 1004 622 1024 685; x_wconf 94' lang='grc'><strong>6</strong></span> <span class='ocrx_word' id='word_1_30' title='bbox 1040 623 1134 701; x_wconf 79' lang='lat' dir='ltr'>ficret</span> <span class='ocrx_word' id='word_1_31' title='bbox 1156 639 1213 702; x_wconf 91' lang='lat' dir='ltr'><strong>pro</strong></span> <span class='ocrx_word' id='word_1_32' title='bbox 1234 618 1426 703; x_wconf 89' lang='lat' dir='ltr'>Hyginiana</span> 
     </span>
     <span class='ocr_line' id='line_1_5' title="bbox 194 723 1425 809; baseline 0.002 -21"><span class='ocrx_word' id='word_1_33' title='bbox 194 725 332 790; x_wconf 90' lang='lat' dir='ltr'>lectione</span> <span class='ocrx_word' id='word_1_34' title='bbox 353 730 460 808; x_wconf 65' lang='lat' dir='ltr'>piretus</span> <span class='ocrx_word' id='word_1_35' title='bbox 483 747 548 790; x_wconf 80' lang='lat' dir='ltr'>esse</span> <span class='ocrx_word' id='word_1_36' title='bbox 576 727 737 807; x_wconf 74' lang='lat' dir='ltr'><strong><em>diceretur,</em></strong></span> <span class='ocrx_word' id='word_1_37' title='bbox 767 723 809 788; x_wconf 83' lang='grc'><strong>21</strong></span> <span class='ocrx_word' id='word_1_38' title='bbox 833 728 854 792; x_wconf 83' lang='lat'>5</span> <span class='ocrx_word' id='word_1_39' title='bbox 878 725 1000 790; x_wconf 88' lang='lat' dir='ltr'>omissa</span> <span class='ocrx_word' id='word_1_40' title='bbox 1023 727 1122 790; x_wconf 91' lang='lat' dir='ltr'>uerba</span> <span class='ocrx_word' id='word_1_41' title='bbox 1150 747 1241 809; x_wconf 84' lang='lat' dir='ltr'>quom</span> <span class='ocrx_word' id='word_1_42' title='bbox 1264 728 1425 808; x_wconf 74' lang='grc'><strong>6666616</strong></span> 
     </span>
     <span class='ocr_line' id='line_1_6' title="bbox 195 830 1425 916; baseline 0 -20"><span class='ocrx_word' id='word_1_43' title='bbox 195 836 351 916; x_wconf 79' lang='lat' dir='ltr'>cepissent,</span> <span class='ocrx_word' id='word_1_44' title='bbox 377 851 461 914; x_wconf 90' lang='lat' dir='ltr'>quac</span> <span class='ocrx_word' id='word_1_45' title='bbox 485 851 729 915; x_wconf 91' lang='lat' dir='ltr'>superuacanea</span> <span class='ocrx_word' id='word_1_46' title='bbox 753 838 835 915; x_wconf 88' lang='lat' dir='ltr'>sunt,</span> <span class='ocrx_word' id='word_1_47' title='bbox 859 830 1080 898; x_wconf 82' lang='grc'><strong>62616666</strong></span> <span class='ocrx_word' id='word_1_48' title='bbox 1104 832 1190 897; x_wconf 91' lang='lat' dir='ltr'>tertii</span> <span class='ocrx_word' id='word_1_49' title='bbox 1213 831 1295 916; x_wconf 84' lang='lat' dir='ltr'>libri,</span> <span class='ocrx_word' id='word_1_50' title='bbox 1318 832 1425 916; x_wconf 91' lang='lat' dir='ltr'>prius-</span> 
     </span>
    </p>
   </div>
   <div class='ocr_carea' id='block_1_3' title="bbox 89 937 1425 1023">
    <p class='ocr_par' dir='ltr' id='par_1_3' title="bbox 89 937 1425 1023">
     <span class='ocr_line' id='line_1_7' title="bbox 89 937 1425 1023; baseline 0 -21"><span class='ocrx_word' id='word_1_51' title='bbox 89 1012 93 1019; x_wconf 45' lang='grc'>,</span> <span class='ocrx_word' id='word_1_52' title='bbox 196 959 292 1021; x_wconf 91' lang='lat' dir='ltr'>quam</span> <span class='ocrx_word' id='word_1_53' title='bbox 307 937 350 1002; x_wconf 93' lang='lat' dir='ltr'><strong>ad</strong></span> <span class='ocrx_word' id='word_1_54' title='bbox 365 939 501 1002; x_wconf 88' lang='lat' dir='ltr'>alteram</span> <span class='ocrx_word' id='word_1_55' title='bbox 525 938 659 1003; x_wconf 88' lang='lat' dir='ltr'>secundi</span> <span class='ocrx_word' id='word_1_56' title='bbox 682 938 755 1003; x_wconf 92' lang='lat' dir='ltr'>libri</span> <span class='ocrx_word' id='word_1_57' title='bbox 778 937 971 1023; x_wconf 82' lang='lat' dir='ltr'>particulam</span> <span class='ocrx_word' id='word_1_58' title='bbox 995 938 1240 1004; x_wconf 82' lang='lat' dir='ltr'>exscribendam</span> <span class='ocrx_word' id='word_1_59' title='bbox 1263 944 1425 1022; x_wconf 76' lang='lat' dir='ltr'>pergeret,</span> 
     </span>
    </p>
   </div>
   <div class='ocr_carea' id='block_1_4' title="bbox 194 1043 1427 2406">
    <p class='ocr_par' dir='ltr' id='par_1_4' title="bbox 194 1043 1427 2406">
     <span class='ocr_line' id='line_1_8' title="bbox 195 1043 1426 1129; baseline 0.001 -20"><span class='ocrx_word' id='word_1_60' title='bbox 195 1045 336 1110; x_wconf 92' lang='lat' dir='ltr'>breuiter</span> <span class='ocrx_word' id='word_1_61' title='bbox 373 1043 504 1128; x_wconf 83' lang='lat' dir='ltr'>scripsit</span> <span class='ocrx_word' id='word_1_62' title='bbox 535 1067 630 1110; x_wconf 82' lang='lat' dir='ltr'>unam</span> <span class='ocrx_word' id='word_1_63' title='bbox 661 1049 694 1109; x_wconf 86' lang='lat' dir='ltr'><strong>in</strong></span> <span class='ocrx_word' id='word_1_64' title='bbox 726 1047 801 1110; x_wconf 80' lang='lat' dir='ltr'>bosi.</span> <span class='ocrx_word' id='word_1_65' title='bbox 830 1080 863 1091; x_wconf 90' lang='lat'><em>-</em></span> <span class='ocrx_word' id='word_1_66' title='bbox 893 1045 960 1109; x_wconf 88' lang='lat' dir='ltr'>alia</span> <span class='ocrx_word' id='word_1_67' title='bbox 992 1045 1025 1108; x_wconf 89' lang='lat' dir='ltr'><strong>in</strong></span> <span class='ocrx_word' id='word_1_68' title='bbox 1059 1065 1182 1110; x_wconf 83' lang='lat' dir='ltr'>conexu</span> <span class='ocrx_word' id='word_1_69' title='bbox 1214 1044 1426 1129; x_wconf 89' lang='lat' dir='ltr'>Hyginianae</span> 
     </span>
     <span class='ocr_line' id='line_1_9' title="bbox 196 1150 1425 1233; baseline 0.001 -18"><span class='ocrx_word' id='word_1_70' title='bbox 196 1152 351 1215; x_wconf 87' lang='lat' dir='ltr'>orationis</span> <span class='ocrx_word' id='word_1_71' title='bbox 375 1150 524 1233; x_wconf 90' lang='lat' dir='ltr'>neglecta</span> <span class='ocrx_word' id='word_1_72' title='bbox 540 1158 615 1216; x_wconf 90' lang='lat' dir='ltr'>sunt</span> <span class='ocrx_word' id='word_1_73' title='bbox 637 1151 691 1216; x_wconf 92' lang='grc'><strong>661</strong></span> <span class='ocrx_word' id='word_1_74' title='bbox 713 1151 747 1214; x_wconf 87' lang='grc'><strong>16</strong></span> <span class='ocrx_word' id='word_1_75' title='bbox 771 1151 901 1216; x_wconf 88' lang='lat' dir='ltr'>breuius</span> <span class='ocrx_word' id='word_1_76' title='bbox 926 1159 1106 1217; x_wconf 89' lang='lat' dir='ltr'>contracta:</span> <span class='ocrx_word' id='word_1_77' title='bbox 1135 1150 1176 1213; x_wconf 87' lang='grc'><strong>10</strong></span> <span class='ocrx_word' id='word_1_78' title='bbox 1192 1155 1233 1217; x_wconf 89' lang='grc'><strong>22</strong></span> <span class='ocrx_word' id='word_1_79' title='bbox 1256 1152 1356 1216; x_wconf 88' lang='lat' dir='ltr'>uerba</span> <span class='ocrx_word' id='word_1_80' title='bbox 1380 1150 1425 1216; x_wconf 91' lang='lat' dir='ltr'>de</span> 
     </span>
     <span class='ocr_line' id='line_1_10' title="bbox 196 1258 1427 1343; baseline 0 -21"><span class='ocrx_word' id='word_1_81' title='bbox 196 1258 331 1342; x_wconf 76' lang='lat' dir='ltr'>Corona,</span> <span class='ocrx_word' id='word_1_82' title='bbox 356 1259 475 1343; x_wconf 89' lang='lat' dir='ltr'>quippe</span> <span class='ocrx_word' id='word_1_83' title='bbox 499 1279 583 1340; x_wconf 94' lang='grc'><strong>6666</strong></span> <span class='ocrx_word' id='word_1_84' title='bbox 606 1259 670 1322; x_wconf 91' lang='lat' dir='ltr'><strong>iam</strong></span> <span class='ocrx_word' id='word_1_85' title='bbox 695 1279 792 1342; x_wconf 89' lang='lat' dir='ltr'>supra</span> <span class='ocrx_word' id='word_1_86' title='bbox 816 1259 859 1340; x_wconf 90' lang='lat' dir='ltr'><strong>(u.</strong></span> <span class='ocrx_word' id='word_1_87' title='bbox 881 1262 921 1325; x_wconf 88' lang='lat'><strong>16</strong></span> <span class='ocrx_word' id='word_1_88' title='bbox 946 1261 1028 1341; x_wconf 85' lang='lat' dir='ltr'>sqq.)</span> <span class='ocrx_word' id='word_1_89' title='bbox 1053 1265 1302 1323; x_wconf 91' lang='lat' dir='ltr'>commemorata</span> <span class='ocrx_word' id='word_1_90' title='bbox 1326 1265 1427 1342; x_wconf 88' lang='lat' dir='ltr'>esset,</span> 
     </span>
     <span class='ocr_line' id='line_1_11' title="bbox 196 1364 1426 1449; baseline -0.001 -18"><span class='ocrx_word' id='word_1_91' title='bbox 196 1366 292 1431; x_wconf 83' lang='grc'><strong>6111).</strong></span> <span class='ocrx_word' id='word_1_92' title='bbox 319 1369 359 1431; x_wconf 84' lang='grc'><strong>19</strong></span> <span class='ocrx_word' id='word_1_93' title='bbox 388 1365 461 1430; x_wconf 89' lang='lat' dir='ltr'>libri</span> <span class='ocrx_word' id='word_1_94' title='bbox 490 1365 577 1430; x_wconf 88' lang='lat' dir='ltr'>tertii</span> <span class='ocrx_word' id='word_1_95' title='bbox 603 1365 729 1430; x_wconf 89' lang='lat' dir='ltr'>initium</span> <span class='ocrx_word' id='word_1_96' title='bbox 753 1365 1005 1447; x_wconf 73' lang='grc'><strong>6661116666-</strong></span> <span class='ocrx_word' id='word_1_97' title='bbox 1030 1366 1178 1430; x_wconf 79' lang='lat' dir='ltr'>Centauri</span> <span class='ocrx_word' id='word_1_98' title='bbox 1201 1371 1277 1449; x_wconf 90' lang='lat' dir='ltr'>apte</span> <span class='ocrx_word' id='word_1_99' title='bbox 1304 1364 1426 1430; x_wconf 87' lang='lat' dir='ltr'>omisit.</span> 
     </span>
     <span class='ocr_line' id='line_1_12' title="bbox 199 1471 1422 1564; baseline 0.001 -30"><span class='ocrx_word' id='word_1_100' title='bbox 199 1471 238 1535; x_wconf 84' lang='lat' dir='ltr'><strong>lb</strong></span> <span class='ocrx_word' id='word_1_101' title='bbox 258 1475 295 1537; x_wconf 87' lang='lat'><strong>19</strong></span> <span class='ocrx_word' id='word_1_102' title='bbox 320 1473 352 1536; x_wconf 94' lang='lat' dir='ltr'><strong>in</strong></span> <span class='ocrx_word' id='word_1_103' title='bbox 377 1479 525 1555; x_wconf 91' lang='lat' dir='ltr'>computo</span> <span class='ocrx_word' id='word_1_104' title='bbox 548 1491 606 1556; x_wconf 91' lang='lat' dir='ltr'><strong>pro</strong></span> <span class='ocrx_word' id='word_1_105' title='bbox 630 1475 783 1555; x_wconf 79' lang='lat' dir='ltr'>incapite</span> <span class='ocrx_word' id='word_1_106' title='bbox 806 1481 907 1536; x_wconf 87' lang='grc'><strong>66166</strong></span> <span class='ocrx_word' id='word_1_107' title='bbox 930 1474 1058 1564; x_wconf 79' lang='grc'><strong>6116616</strong></span> <span class='ocrx_word' id='word_1_108' title='bbox 1082 1471 1212 1555; x_wconf 88' lang='lat' dir='ltr'>scripsit</span> <span class='ocrx_word' id='word_1_109' title='bbox 1234 1474 1377 1555; x_wconf 80' lang='lat' dir='ltr'>incapite</span> <span class='ocrx_word' id='word_1_110' title='bbox 1392 1473 1422 1552; x_wconf 84' lang='lat' dir='ltr'><strong>I,</strong></span> 
     </span>
     <span class='ocr_line' id='line_1_13' title="bbox 196 1578 1427 1663; baseline -0.001 -20"><span class='ocrx_word' id='word_1_111' title='bbox 196 1585 228 1643; x_wconf 91' lang='lat' dir='ltr'>et</span> <span class='ocrx_word' id='word_1_112' title='bbox 252 1582 295 1644; x_wconf 89' lang='grc'><strong>20</strong></span> <span class='ocrx_word' id='word_1_113' title='bbox 314 1587 477 1663; x_wconf 80' lang='lat' dir='ltr'>praetereo</span> <span class='ocrx_word' id='word_1_114' title='bbox 499 1580 586 1643; x_wconf 84' lang='lat' dir='ltr'>babet</span> <span class='ocrx_word' id='word_1_115' title='bbox 609 1579 725 1643; x_wconf 87' lang='lat' dir='ltr'>omisit.</span> <span class='ocrx_word' id='word_1_116' title='bbox 763 1578 804 1642; x_wconf 89' lang='lat' dir='ltr'><strong>ib.</strong></span> <span class='ocrx_word' id='word_1_117' title='bbox 827 1581 930 1642; x_wconf 81' lang='lat' dir='ltr'>stelles</span> <span class='ocrx_word' id='word_1_118' title='bbox 953 1579 1036 1643; x_wconf 92' lang='lat' dir='ltr'>inter</span> <span class='ocrx_word' id='word_1_119' title='bbox 1058 1581 1195 1661; x_wconf 76' lang='grc'><strong>61666166</strong></span> <span class='ocrx_word' id='word_1_120' title='bbox 1219 1584 1252 1643; x_wconf 92' lang='grc'><strong>61</strong></span> <span class='ocrx_word' id='word_1_121' title='bbox 1274 1580 1427 1643; x_wconf 81' lang='lat' dir='ltr'>obscuros</span> 
     </span>
     <span class='ocr_line' id='line_1_14' title="bbox 195 1682 1427 1769; baseline 0 -21"><span class='ocrx_word' id='word_1_122' title='bbox 195 1685 347 1750; x_wconf 88' lang='lat' dir='ltr'>omissum</span> <span class='ocrx_word' id='word_1_123' title='bbox 372 1684 570 1750; x_wconf 86' lang='lat' dir='ltr'>scholiastae</span> <span class='ocrx_word' id='word_1_124' title='bbox 584 1685 705 1768; x_wconf 91' lang='lat' dir='ltr'>inputo.</span> <span class='ocrx_word' id='word_1_125' title='bbox 744 1682 820 1749; x_wconf 74' lang='grc'><strong>716</strong></span> <span class='ocrx_word' id='word_1_126' title='bbox 844 1692 959 1748; x_wconf 83' lang='lat' dir='ltr'>ceteros</span> <span class='ocrx_word' id='word_1_127' title='bbox 982 1688 1080 1768; x_wconf 81' lang='lat' dir='ltr'>specle</span> <span class='ocrx_word' id='word_1_128' title='bbox 1102 1688 1239 1769; x_wconf 79' lang='lat' dir='ltr'>corporis</span> <span class='ocrx_word' id='word_1_129' title='bbox 1256 1692 1427 1768; x_wconf 72' lang='lat' dir='ltr'>praestans</span> 
     </span>
     <span class='ocr_line' id='line_1_15' title="bbox 195 1790 1427 1875; baseline 0.001 -20"><span class='ocrx_word' id='word_1_130' title='bbox 195 1793 259 1855; x_wconf 92' lang='lat' dir='ltr'><strong>iam</strong></span> <span class='ocrx_word' id='word_1_131' title='bbox 288 1813 308 1855; x_wconf 96' lang='lat' dir='ltr'>a</span> <span class='ocrx_word' id='word_1_132' title='bbox 332 1792 509 1856; x_wconf 88' lang='lat' dir='ltr'>scholiasta</span> <span class='ocrx_word' id='word_1_133' title='bbox 537 1791 689 1856; x_wconf 90' lang='lat' dir='ltr'>omissum</span> <span class='ocrx_word' id='word_1_134' title='bbox 719 1790 853 1873; x_wconf 88' lang='lat' dir='ltr'>uidetur,</span> <span class='ocrx_word' id='word_1_135' title='bbox 882 1798 980 1856; x_wconf 89' lang='lat' dir='ltr'>ntea</span> <span class='ocrx_word' id='word_1_136' title='bbox 1009 1812 1093 1875; x_wconf 92' lang='lat' dir='ltr'>quae</span> <span class='ocrx_word' id='word_1_137' title='bbox 1121 1798 1296 1875; x_wconf 90' lang='lat' dir='ltr'>sequuntur</span> <span class='ocrx_word' id='word_1_138' title='bbox 1322 1792 1427 1856; x_wconf 88' lang='lat' dir='ltr'>uerba</span> 
     </span>
     <span class='ocr_line' id='line_1_16' title="bbox 196 1895 1427 1982; baseline 0.001 -22"><span class='ocrx_word' id='word_1_139' title='bbox 196 1919 287 1980; x_wconf 83' lang='lat' dir='ltr'>quom</span> <span class='ocrx_word' id='word_1_140' title='bbox 313 1906 371 1963; x_wconf 91' lang='lat' dir='ltr'>eto.</span> <span class='ocrx_word' id='word_1_141' title='bbox 396 1897 438 1981; x_wconf 87' lang='lat' dir='ltr'><strong>(u.</strong></span> <span class='ocrx_word' id='word_1_142' title='bbox 462 1917 538 1981; x_wconf 90' lang='lat' dir='ltr'>pag.</span> <span class='ocrx_word' id='word_1_143' title='bbox 563 1895 620 1982; x_wconf 83' lang='grc'><strong>41)</strong></span> <span class='ocrx_word' id='word_1_144' title='bbox 650 1896 906 1962; x_wconf 89' lang='lat' dir='ltr'>adnecterentur.</span> <span class='ocrx_word' id='word_1_145' title='bbox 954 1896 1119 1962; x_wconf 81' lang='grc'><strong>6116624</strong></span> <span class='ocrx_word' id='word_1_146' title='bbox 1144 1902 1160 1965; x_wconf 95' lang='grc'><strong>1</strong></span> <span class='ocrx_word' id='word_1_147' title='bbox 1186 1918 1270 1981; x_wconf 95' lang='grc'><strong>6666</strong></span> <span class='ocrx_word' id='word_1_148' title='bbox 1293 1897 1427 1963; x_wconf 90' lang='lat' dir='ltr'>turbant</span> 
     </span>
     <span class='ocr_line' id='line_1_17' title="bbox 194 2004 1425 2087; baseline 0.001 -19"><span class='ocrx_word' id='word_1_149' title='bbox 194 2005 302 2087; x_wconf 90' lang='lat' dir='ltr'>potius</span> <span class='ocrx_word' id='word_1_150' title='bbox 340 2024 496 2069; x_wconf 84' lang='lat' dir='ltr'>conexum</span> <span class='ocrx_word' id='word_1_151' title='bbox 533 2004 633 2068; x_wconf 92' lang='lat' dir='ltr'>uerba</span> <span class='ocrx_word' id='word_1_152' title='bbox 669 2006 723 2067; x_wconf 81' lang='lat' dir='ltr'>sed</span> <span class='ocrx_word' id='word_1_153' title='bbox 759 2027 779 2068; x_wconf 88' lang='grc'><strong>6</strong></span> <span class='ocrx_word' id='word_1_154' title='bbox 805 2007 961 2069; x_wconf 81' lang='lat' dir='ltr'>nonnullis</span> <span class='ocrx_word' id='word_1_155' title='bbox 1000 2004 1124 2070; x_wconf 79' lang='lat' dir='ltr'>Orionis</span> <span class='ocrx_word' id='word_1_156' title='bbox 1160 2008 1353 2069; x_wconf 80' lang='lat' dir='ltr'>enistimotnr</span> <span class='ocrx_word' id='word_1_157' title='bbox 1389 2004 1425 2069; x_wconf 91' lang='lat' dir='ltr'><strong>in</strong></span> 
     </span>
     <span class='ocr_line' id='line_1_18' title="bbox 195 2108 1424 2194; baseline 0 -20"><span class='ocrx_word' id='word_1_158' title='bbox 195 2110 327 2174; x_wconf 90' lang='lat' dir='ltr'>scholiis</span> <span class='ocrx_word' id='word_1_159' title='bbox 351 2110 476 2177; x_wconf 91' lang='lat' dir='ltr'>desunt.</span> <span class='ocrx_word' id='word_1_160' title='bbox 523 2110 574 2174; x_wconf 90' lang='lat' dir='ltr'><strong>his</strong></span> <span class='ocrx_word' id='word_1_161' title='bbox 598 2108 693 2193; x_wconf 90' lang='lat' dir='ltr'>adde,</span> <span class='ocrx_word' id='word_1_162' title='bbox 717 2130 800 2192; x_wconf 92' lang='lat' dir='ltr'>quae</span> <span class='ocrx_word' id='word_1_163' title='bbox 823 2131 899 2194; x_wconf 85' lang='lat' dir='ltr'>pag.</span> <span class='ocrx_word' id='word_1_164' title='bbox 924 2113 968 2176; x_wconf 87' lang='lat'><strong>30</strong></span> <span class='ocrx_word' id='word_1_165' title='bbox 996 2112 1061 2175; x_wconf 90' lang='lat' dir='ltr'><strong>iam</strong></span> <span class='ocrx_word' id='word_1_166' title='bbox 1085 2111 1284 2194; x_wconf 91' lang='lat' dir='ltr'>conlegimus</span> <span class='ocrx_word' id='word_1_167' title='bbox 1308 2131 1348 2175; x_wconf 86' lang='lat' dir='ltr'>ex</span> <span class='ocrx_word' id='word_1_168' title='bbox 1371 2130 1424 2174; x_wconf 93' lang='lat' dir='ltr'>co·</span> 
     </span>
     <span class='ocr_line' id='line_1_19' title="bbox 196 2215 1426 2302; baseline 0 -22"><span class='ocrx_word' id='word_1_169' title='bbox 196 2217 303 2281; x_wconf 90' lang='lat' dir='ltr'>dicum</span> <span class='ocrx_word' id='word_1_170' title='bbox 330 2218 390 2280; x_wconf 81' lang='lat' dir='ltr'><strong>AC</strong></span> <span class='ocrx_word' id='word_1_171' title='bbox 416 2237 575 2282; x_wconf 89' lang='lat' dir='ltr'>consensu</span> <span class='ocrx_word' id='word_1_172' title='bbox 604 2216 761 2300; x_wconf 86' lang='lat' dir='ltr'>exempla,</span> <span class='ocrx_word' id='word_1_173' title='bbox 794 2224 826 2282; x_wconf 92' lang='lat' dir='ltr'>et</span> <span class='ocrx_word' id='word_1_174' title='bbox 852 2216 868 2278; x_wconf 77' lang='lat'><strong>7</strong></span> <span class='ocrx_word' id='word_1_175' title='bbox 895 2219 914 2283; x_wconf 88' lang='lat'><strong>9</strong></span> <span class='ocrx_word' id='word_1_176' title='bbox 939 2237 996 2301; x_wconf 85' lang='lat' dir='ltr'><strong>sq,</strong></span> <span class='ocrx_word' id='word_1_177' title='bbox 1023 2215 1062 2280; x_wconf 83' lang='grc'><strong>14</strong></span> <span class='ocrx_word' id='word_1_178' title='bbox 1088 2220 1127 2283; x_wconf 87' lang='grc'><strong>16</strong></span> <span class='ocrx_word' id='word_1_179' title='bbox 1153 2237 1199 2300; x_wconf 89' lang='lat' dir='ltr'><strong>sq.</strong></span> <span class='ocrx_word' id='word_1_180' title='bbox 1223 2215 1297 2302; x_wconf 81' lang='lat' dir='ltr'>(om.</span> <span class='ocrx_word' id='word_1_181' title='bbox 1322 2219 1426 2281; x_wconf 81' lang='lat' dir='ltr'>conisli-</span> 
     </span>
     <span class='ocr_line' id='line_1_20' title="bbox 197 2322 732 2406; baseline 0 -19"><span class='ocrx_word' id='word_1_182' title='bbox 197 2324 371 2406; x_wconf 62' lang='lat' dir='ltr'>ozoeorlm),</span> <span class='ocrx_word' id='word_1_183' title='bbox 396 2330 427 2387; x_wconf 88' lang='lat' dir='ltr'>et</span> <span class='ocrx_word' id='word_1_184' title='bbox 451 2323 517 2387; x_wconf 90' lang='lat' dir='ltr'>alia</span> <span class='ocrx_word' id='word_1_185' title='bbox 540 2322 732 2388; x_wconf 89' lang='lat' dir='ltr'>huiusmodi.</span> 
     </span>
    </p>
   </div>
   <div class='ocr_carea' id='block_1_5' title="bbox 284 2446 1425 2532">
    <p class='ocr_par' dir='ltr' id='par_1_5' title="bbox 284 2446 1425 2532">
     <span class='ocr_line' id='line_1_21' title="bbox 284 2446 1425 2532; baseline 0 -20"><span class='ocrx_word' id='word_1_186' title='bbox 284 2448 352 2513; x_wconf 90' lang='lat' dir='ltr'>Neo</span> <span class='ocrx_word' id='word_1_187' title='bbox 377 2456 485 2512; x_wconf 89' lang='lat' dir='ltr'>tamen</span> <span class='ocrx_word' id='word_1_188' title='bbox 510 2447 627 2512; x_wconf 89' lang='lat' dir='ltr'>desunt</span> <span class='ocrx_word' id='word_1_189' title='bbox 650 2447 722 2530; x_wconf 91' lang='lat' dir='ltr'>loci,</span> <span class='ocrx_word' id='word_1_190' title='bbox 752 2447 868 2530; x_wconf 88' lang='lat' dir='ltr'>quibus</span> <span class='ocrx_word' id='word_1_191' title='bbox 895 2448 1000 2512; x_wconf 91' lang='lat' dir='ltr'>minus</span> <span class='ocrx_word' id='word_1_192' title='bbox 1031 2446 1236 2513; x_wconf 90' lang='lat' dir='ltr'>considerate</span> <span class='ocrx_word' id='word_1_193' title='bbox 1259 2447 1425 2532; x_wconf 90' lang='lat' dir='ltr'>Hyginum</span> 
     </span>
    </p>
   </div>
   <div class='ocr_carea' id='block_1_6' title="bbox 194 2552 1427 4221">
    <p class='ocr_par' dir='ltr' id='par_1_6' title="bbox 194 2552 1427 4221">
     <span class='ocr_line' id='line_1_22' title="bbox 197 2552 1426 2638; baseline 0 -20"><span class='ocrx_word' id='word_1_194' title='bbox 197 2554 378 2638; x_wconf 88' lang='lat' dir='ltr'>conpilator</span> <span class='ocrx_word' id='word_1_195' title='bbox 403 2560 532 2619; x_wconf 90' lang='lat' dir='ltr'>secutus</span> <span class='ocrx_word' id='word_1_196' title='bbox 557 2560 616 2620; x_wconf 90' lang='grc'><strong>661.</strong></span> <span class='ocrx_word' id='word_1_197' title='bbox 664 2553 750 2636; x_wconf 93' lang='grc'><strong>6666</strong></span> <span class='ocrx_word' id='word_1_198' title='bbox 774 2554 806 2617; x_wconf 86' lang='grc'><strong>16</strong></span> <span class='ocrx_word' id='word_1_199' title='bbox 830 2555 978 2620; x_wconf 88' lang='lat' dir='ltr'>Piscibus</span> <span class='ocrx_word' id='word_1_200' title='bbox 1004 2552 1051 2638; x_wconf 83' lang='lat'><strong>(3)</strong></span> <span class='ocrx_word' id='word_1_201' title='bbox 1077 2561 1108 2619; x_wconf 89' lang='lat' dir='ltr'>et</span> <span class='ocrx_word' id='word_1_202' title='bbox 1132 2553 1271 2619; x_wconf 84' lang='lat' dir='ltr'>fortasse</span> <span class='ocrx_word' id='word_1_203' title='bbox 1294 2555 1328 2618; x_wconf 91' lang='lat' dir='ltr'><strong>in</strong></span> <span class='ocrx_word' id='word_1_204' title='bbox 1343 2554 1426 2619; x_wconf 82' lang='grc'><strong>6616</strong></span> 
     </span>
     <span class='ocr_line' id='line_1_23' title="bbox 196 2659 1424 2745; baseline 0.002 -23"><span class='ocrx_word' id='word_1_205' title='bbox 196 2659 265 2741; x_wconf 88' lang='grc'><strong>(18)</strong></span> <span class='ocrx_word' id='word_1_206' title='bbox 303 2661 511 2744; x_wconf 89' lang='lat' dir='ltr'>neglegentia</span> <span class='ocrx_word' id='word_1_207' title='bbox 548 2661 618 2725; x_wconf 89' lang='lat' dir='ltr'>eius</span> <span class='ocrx_word' id='word_1_208' title='bbox 655 2660 857 2726; x_wconf 88' lang='lat' dir='ltr'>commissum</span> <span class='ocrx_word' id='word_1_209' title='bbox 896 2667 957 2744; x_wconf 90' lang='lat' dir='ltr'>est,</span> <span class='ocrx_word' id='word_1_210' title='bbox 1002 2681 1100 2745; x_wconf 91' lang='lat' dir='ltr'>supra</span> <span class='ocrx_word' id='word_1_211' title='bbox 1137 2662 1201 2725; x_wconf 91' lang='lat' dir='ltr'><strong>lam</strong></span> <span class='ocrx_word' id='word_1_212' title='bbox 1239 2660 1424 2727; x_wconf 91' lang='lat' dir='ltr'>memoraui.</span> 
     </span>
     <span class='ocr_line' id='line_1_24' title="bbox 194 2766 1427 2853; baseline -0.001 -21"><span class='ocrx_word' id='word_1_213' title='bbox 194 2776 365 2853; x_wconf 91' lang='lat' dir='ltr'>praeterea</span> <span class='ocrx_word' id='word_1_214' title='bbox 397 2768 505 2850; x_wconf 90' lang='lat' dir='ltr'>uerba,</span> <span class='ocrx_word' id='word_1_215' title='bbox 540 2786 623 2849; x_wconf 93' lang='lat' dir='ltr'>quae</span> <span class='ocrx_word' id='word_1_216' title='bbox 657 2767 849 2851; x_wconf 89' lang='lat' dir='ltr'>saepissime</span> <span class='ocrx_word' id='word_1_217' title='bbox 876 2766 964 2851; x_wconf 88' lang='lat' dir='ltr'>apud</span> <span class='ocrx_word' id='word_1_218' title='bbox 992 2767 1156 2852; x_wconf 86' lang='lat' dir='ltr'>Hyginum</span> <span class='ocrx_word' id='word_1_219' title='bbox 1191 2774 1360 2833; x_wconf 91' lang='lat' dir='ltr'>occurrunt</span> <span class='ocrx_word' id='word_1_220' title='bbox 1389 2775 1427 2831; x_wconf 82' lang='grc'><strong>61</strong></span> 
     </span>
     <span class='ocr_line' id='line_1_25' title="bbox 195 2872 1426 2957; baseline -0.002 -17"><span class='ocrx_word' id='word_1_221' title='bbox 195 2884 265 2941; x_wconf 86' lang='grc'><strong>6616</strong></span> <span class='ocrx_word' id='word_1_222' title='bbox 302 2877 436 2938; x_wconf 75' lang='lat' dir='ltr'>diatonos</span> <span class='ocrx_word' id='word_1_223' title='bbox 469 2880 501 2938; x_wconf 92' lang='lat' dir='ltr'>et</span> <span class='ocrx_word' id='word_1_224' title='bbox 538 2873 670 2956; x_wconf 88' lang='lat' dir='ltr'>similia,</span> <span class='ocrx_word' id='word_1_225' title='bbox 708 2872 830 2939; x_wconf 85' lang='lat' dir='ltr'>ordinis</span> <span class='ocrx_word' id='word_1_226' title='bbox 869 2873 1033 2956; x_wconf 89' lang='lat' dir='ltr'>signorum</span> <span class='ocrx_word' id='word_1_227' title='bbox 1064 2873 1177 2939; x_wconf 87' lang='lat' dir='ltr'>Aratei</span> <span class='ocrx_word' id='word_1_228' title='bbox 1214 2874 1255 2937; x_wconf 92' lang='lat' dir='ltr'><strong>ab</strong></span> <span class='ocrx_word' id='word_1_229' title='bbox 1292 2873 1426 2957; x_wconf 87' lang='lat' dir='ltr'>Hygino</span> 
     </span>
     <span class='ocr_line' id='line_1_26' title="bbox 198 2978 1423 3064; baseline 0 -19"><span class='ocrx_word' id='word_1_230' title='bbox 198 2981 320 3046; x_wconf 89' lang='lat' dir='ltr'>diuersi</span> <span class='ocrx_word' id='word_1_231' title='bbox 343 2980 432 3045; x_wconf 90' lang='lat' dir='ltr'>nulla</span> <span class='ocrx_word' id='word_1_232' title='bbox 454 2981 580 3044; x_wconf 89' lang='lat' dir='ltr'>ratione</span> <span class='ocrx_word' id='word_1_233' title='bbox 603 2979 715 3044; x_wconf 90' lang='lat' dir='ltr'>habita</span> <span class='ocrx_word' id='word_1_234' title='bbox 738 3000 842 3064; x_wconf 90' lang='grc'><strong>66666</strong></span> <span class='ocrx_word' id='word_1_235' title='bbox 866 2980 984 3063; x_wconf 84' lang='grc'><strong>661666</strong></span> <span class='ocrx_word' id='word_1_236' title='bbox 1007 2979 1205 3064; x_wconf 88' lang='lat' dir='ltr'>perscripsit.</span> <span class='ocrx_word' id='word_1_237' title='bbox 1253 3000 1280 3047; x_wconf 95' lang='grc'><strong>6.</strong></span> <span class='ocrx_word' id='word_1_238' title='bbox 1305 3001 1335 3063; x_wconf 89' lang='lat' dir='ltr'><strong>g.</strong></span> <span class='ocrx_word' id='word_1_239' title='bbox 1365 2978 1379 3041; x_wconf 96' lang='lat' dir='ltr'>l</span> <span class='ocrx_word' id='word_1_240' title='bbox 1402 2983 1423 3045; x_wconf 88' lang='lat'><strong>3</strong></span> 
     </span>
     <span class='ocr_line' id='line_1_27' title="bbox 195 3086 1426 3172; baseline -0.002 -20"><span class='ocrx_word' id='word_1_241' title='bbox 195 3091 233 3152; x_wconf 90' lang='lat' dir='ltr'>de</span> <span class='ocrx_word' id='word_1_242' title='bbox 256 3110 316 3171; x_wconf 83' lang='grc'><strong>666</strong></span> <span class='ocrx_word' id='word_1_243' title='bbox 339 3089 412 3152; x_wconf 82' lang='lat' dir='ltr'>olibi</span> <span class='ocrx_word' id='word_1_244' title='bbox 433 3089 531 3172; x_wconf 82' lang='lat' dir='ltr'>ploro</span> <span class='ocrx_word' id='word_1_245' title='bbox 559 3089 689 3152; x_wconf 79' lang='grc'><strong>6166666</strong></span> <span class='ocrx_word' id='word_1_246' title='bbox 717 3086 866 3171; x_wconf 79' lang='lat' dir='ltr'>(dicemus</span> <span class='ocrx_word' id='word_1_247' title='bbox 889 3086 996 3170; x_wconf 84' lang='lat' dir='ltr'>Hyg.),</span> <span class='ocrx_word' id='word_1_248' title='bbox 1025 3106 1087 3168; x_wconf 92' lang='lat' dir='ltr'><strong>quo</strong></span> <span class='ocrx_word' id='word_1_249' title='bbox 1111 3086 1182 3150; x_wconf 94' lang='grc'><strong>1666</strong></span> <span class='ocrx_word' id='word_1_250' title='bbox 1206 3086 1355 3170; x_wconf 87' lang='lat' dir='ltr'>Hyginus</span> <span class='ocrx_word' id='word_1_251' title='bbox 1379 3086 1426 3150; x_wconf 90' lang='lat' dir='ltr'><strong>ad</strong></span> 
     </span>
     <span class='ocr_line' id='line_1_28' title="bbox 198 3192 1420 3277; baseline 0 -20"><span class='ocrx_word' id='word_1_252' title='bbox 198 3193 346 3259; x_wconf 82' lang='lat' dir='ltr'>‘fabulas&#39;</span> <span class='ocrx_word' id='word_1_253' title='bbox 371 3193 499 3258; x_wconf 89' lang='lat' dir='ltr'>uidetur</span> <span class='ocrx_word' id='word_1_254' title='bbox 521 3192 659 3258; x_wconf 90' lang='lat' dir='ltr'>lectores</span> <span class='ocrx_word' id='word_1_255' title='bbox 684 3192 865 3277; x_wconf 87' lang='lat' dir='ltr'>delegasse,</span> <span class='ocrx_word' id='word_1_256' title='bbox 889 3193 922 3257; x_wconf 92' lang='lat' dir='ltr'><strong>in</strong></span> <span class='ocrx_word' id='word_1_257' title='bbox 946 3192 1078 3258; x_wconf 88' lang='lat' dir='ltr'>scholiis</span> <span class='ocrx_word' id='word_1_258' title='bbox 1103 3212 1200 3257; x_wconf 91' lang='lat' dir='ltr'>sensu</span> <span class='ocrx_word' id='word_1_259' title='bbox 1224 3200 1343 3260; x_wconf 86' lang='lat' dir='ltr'>carent.</span> <span class='ocrx_word' id='word_1_260' title='bbox 1377 3193 1420 3258; x_wconf 89' lang='lat' dir='ltr'><strong>ib.</strong></span> 
     </span>
     <span class='ocr_line' id='line_1_29' title="bbox 200 3296 1427 3385; baseline -0.002 -18"><span class='ocrx_word' id='word_1_261' title='bbox 200 3305 240 3367; x_wconf 84' lang='lat' dir='ltr'><strong>lb</strong></span> <span class='ocrx_word' id='word_1_262' title='bbox 255 3303 336 3385; x_wconf 87' lang='grc'><strong>6666</strong></span> <span class='ocrx_word' id='word_1_263' title='bbox 348 3323 444 3384; x_wconf 85' lang='lat' dir='ltr'>supra</span> <span class='ocrx_word' id='word_1_264' title='bbox 457 3303 602 3376; x_wconf 80' lang='lat' dir='ltr'>dicimus,</span> <span class='ocrx_word' id='word_1_265' title='bbox 619 3320 690 3364; x_wconf 90' lang='lat' dir='ltr'>cum</span> <span class='ocrx_word' id='word_1_266' title='bbox 701 3300 854 3364; x_wconf 91' lang='lat' dir='ltr'>Deltoton</span> <span class='ocrx_word' id='word_1_267' title='bbox 864 3296 913 3385; x_wconf 79' lang='lat'><strong>(2)</strong></span> <span class='ocrx_word' id='word_1_268' title='bbox 928 3300 960 3363; x_wconf 94' lang='lat' dir='ltr'><strong>in</strong></span> <span class='ocrx_word' id='word_1_269' title='bbox 977 3298 1109 3364; x_wconf 90' lang='lat' dir='ltr'>scholiis</span> <span class='ocrx_word' id='word_1_270' title='bbox 1123 3307 1285 3382; x_wconf 89' lang='lat' dir='ltr'>sequatur.</span> <span class='ocrx_word' id='word_1_271' title='bbox 1315 3299 1336 3366; x_wconf 84' lang='lat'><strong>3</strong></span> <span class='ocrx_word' id='word_1_272' title='bbox 1351 3303 1370 3366; x_wconf 88' lang='grc'>3</span> <span class='ocrx_word' id='word_1_273' title='bbox 1385 3303 1427 3364; x_wconf 86' lang='grc'><strong>66</strong></span> 
     </span>
     <span class='ocr_line' id='line_1_30' title="bbox 198 3404 1422 3491; baseline 0.001 -20"><span class='ocrx_word' id='word_1_274' title='bbox 198 3429 256 3491; x_wconf 86' lang='grc'><strong>666</strong></span> <span class='ocrx_word' id='word_1_275' title='bbox 280 3429 376 3490; x_wconf 83' lang='lat' dir='ltr'>supro</span> <span class='ocrx_word' id='word_1_276' title='bbox 400 3406 566 3491; x_wconf 67' lang='grc'><strong>(112616</strong></span> <span class='ocrx_word' id='word_1_277' title='bbox 591 3405 723 3472; x_wconf 89' lang='lat' dir='ltr'>scholiis</span> <span class='ocrx_word' id='word_1_278' title='bbox 746 3409 919 3489; x_wconf 87' lang='lat' dir='ltr'>nusquam)</span> <span class='ocrx_word' id='word_1_279' title='bbox 943 3409 1088 3470; x_wconf 79' lang='lat' dir='ltr'>dicimus.</span> <span class='ocrx_word' id='word_1_280' title='bbox 1135 3404 1208 3471; x_wconf 80' lang='lat' dir='ltr'>llil</span> <span class='ocrx_word' id='word_1_281' title='bbox 1234 3427 1281 3490; x_wconf 91' lang='grc'><strong>66.</strong></span> <span class='ocrx_word' id='word_1_282' title='bbox 1304 3410 1341 3472; x_wconf 86' lang='lat' dir='ltr'>de</span> <span class='ocrx_word' id='word_1_283' title='bbox 1364 3428 1422 3490; x_wconf 86' lang='grc'><strong>666</strong></span> 
     </span>
     <span class='ocr_line' id='line_1_31' title="bbox 198 3512 1424 3598; baseline -0.001 -19"><span class='ocrx_word' id='word_1_284' title='bbox 198 3519 255 3594; x_wconf 90' lang='lat' dir='ltr'>(so.</span> <span class='ocrx_word' id='word_1_285' title='bbox 270 3512 402 3593; x_wconf 84' lang='lat' dir='ltr'>Orione)</span> <span class='ocrx_word' id='word_1_286' title='bbox 427 3521 456 3578; x_wconf 88' lang='grc'><strong>61</strong></span> <span class='ocrx_word' id='word_1_287' title='bbox 478 3522 548 3578; x_wconf 88' lang='grc'><strong>6616</strong></span> <span class='ocrx_word' id='word_1_288' title='bbox 569 3517 603 3578; x_wconf 80' lang='lat' dir='ltr'><strong>ln</strong></span> <span class='ocrx_word' id='word_1_289' title='bbox 627 3514 804 3598; x_wconf 74' lang='lat' dir='ltr'>Scorpionis</span> <span class='ocrx_word' id='word_1_290' title='bbox 826 3517 913 3596; x_wconf 79' lang='grc'><strong>61666</strong></span> <span class='ocrx_word' id='word_1_291' title='bbox 936 3515 1070 3577; x_wconf 80' lang='lat' dir='ltr'>dicimos</span> <span class='ocrx_word' id='word_1_292' title='bbox 1094 3521 1124 3577; x_wconf 87' lang='grc'><strong>61</strong></span> <span class='ocrx_word' id='word_1_293' title='bbox 1139 3521 1249 3597; x_wconf 79' lang='lat' dir='ltr'>posteo</span> <span class='ocrx_word' id='word_1_294' title='bbox 1271 3517 1304 3577; x_wconf 85' lang='grc'><strong>16</strong></span> <span class='ocrx_word' id='word_1_295' title='bbox 1326 3517 1424 3598; x_wconf 76' lang='grc'><strong>166166</strong></span> 
     </span>
     <span class='ocr_line' id='line_1_32' title="bbox 197 3618 1422 3705; baseline 0 -21"><span class='ocrx_word' id='word_1_296' title='bbox 197 3625 351 3703; x_wconf 61' lang='lat' dir='ltr'>&lt;bynna</span> <span class='ocrx_word' id='word_1_297' title='bbox 364 3622 556 3705; x_wconf 81' lang='lat' dir='ltr'>dicemus&gt;,</span> <span class='ocrx_word' id='word_1_298' title='bbox 580 3619 667 3703; x_wconf 92' lang='grc'><strong>6666</strong></span> <span class='ocrx_word' id='word_1_299' title='bbox 680 3627 829 3685; x_wconf 90' lang='lat' dir='ltr'>neutrum</span> <span class='ocrx_word' id='word_1_300' title='bbox 851 3620 884 3682; x_wconf 92' lang='lat' dir='ltr'><strong>in</strong></span> <span class='ocrx_word' id='word_1_301' title='bbox 900 3618 1093 3685; x_wconf 89' lang='lat' dir='ltr'>scholiorum</span> <span class='ocrx_word' id='word_1_302' title='bbox 1112 3618 1255 3685; x_wconf 92' lang='lat' dir='ltr'>ordinem</span> <span class='ocrx_word' id='word_1_303' title='bbox 1274 3619 1422 3704; x_wconf 87' lang='lat' dir='ltr'>quadrat,</span> 
     </span>
     <span class='ocr_line' id='line_1_33' title="bbox 197 3723 1422 3811; baseline -0.002 -19"><span class='ocrx_word' id='word_1_304' title='bbox 197 3747 270 3792; x_wconf 92' lang='lat' dir='ltr'>cum</span> <span class='ocrx_word' id='word_1_305' title='bbox 294 3726 480 3810; x_wconf 82' lang='lat' dir='ltr'>Scorpionis</span> <span class='ocrx_word' id='word_1_306' title='bbox 505 3725 708 3806; x_wconf 82' lang='grc'><strong>(11261666</strong></span> <span class='ocrx_word' id='word_1_307' title='bbox 733 3733 837 3792; x_wconf 85' lang='lat' dir='ltr'>exstet</span> <span class='ocrx_word' id='word_1_308' title='bbox 861 3725 1015 3807; x_wconf 90' lang='lat' dir='ltr'>scholion,</span> <span class='ocrx_word' id='word_1_309' title='bbox 1040 3723 1169 3790; x_wconf 88' lang='lat' dir='ltr'>Orionis</span> <span class='ocrx_word' id='word_1_310' title='bbox 1193 3727 1422 3811; x_wconf 76' lang='grc'><strong>(113416166-</strong></span> 
     </span>
     <span class='ocr_line' id='line_1_34' title="bbox 198 3830 1422 3918; baseline -0.002 -20"><span class='ocrx_word' id='word_1_311' title='bbox 198 3833 295 3898; x_wconf 88' lang='lat' dir='ltr'>cedat</span> <span class='ocrx_word' id='word_1_312' title='bbox 327 3830 408 3918; x_wconf 72' lang='lat'><strong>(14).</strong></span> <span class='ocrx_word' id='word_1_313' title='bbox 465 3840 500 3898; x_wconf 94' lang='lat' dir='ltr'><strong>ut</strong></span> <span class='ocrx_word' id='word_1_314' title='bbox 536 3832 743 3900; x_wconf 89' lang='lat' dir='ltr'>nihilominus</span> <span class='ocrx_word' id='word_1_315' title='bbox 772 3831 938 3898; x_wconf 78' lang='lat' dir='ltr'>&#39;interdum</span> <span class='ocrx_word' id='word_1_316' title='bbox 974 3830 1159 3898; x_wconf 86' lang='lat' dir='ltr'>huiusmodi</span> <span class='ocrx_word' id='word_1_317' title='bbox 1195 3831 1422 3897; x_wconf 85' lang='lat' dir='ltr'>adnotationes</span> 
     </span>
     <span class='ocr_line' id='line_1_35' title="bbox 197 3937 1422 4023; baseline -0.002 -18"><span class='ocrx_word' id='word_1_318' title='bbox 197 3940 295 4005; x_wconf 89' lang='lat' dir='ltr'>etiam</span> <span class='ocrx_word' id='word_1_319' title='bbox 323 3937 368 4003; x_wconf 91' lang='lat' dir='ltr'><strong>ad</strong></span> <span class='ocrx_word' id='word_1_320' title='bbox 396 3938 590 4004; x_wconf 89' lang='lat' dir='ltr'>scholiorum</span> <span class='ocrx_word' id='word_1_321' title='bbox 618 3939 764 4004; x_wconf 91' lang='lat' dir='ltr'>ordinem</span> <span class='ocrx_word' id='word_1_322' title='bbox 792 3938 986 4023; x_wconf 82' lang='grc'><strong>661666161,</strong></span> <span class='ocrx_word' id='word_1_323' title='bbox 1015 3959 1094 4004; x_wconf 91' lang='lat' dir='ltr'>casu</span> <span class='ocrx_word' id='word_1_324' title='bbox 1122 3938 1241 4003; x_wconf 82' lang='lat' dir='ltr'>factum</span> <span class='ocrx_word' id='word_1_325' title='bbox 1270 3945 1327 4005; x_wconf 92' lang='grc'><strong>661.</strong></span> <span class='ocrx_word' id='word_1_326' title='bbox 1374 3938 1422 4004; x_wconf 90' lang='grc'><strong>616</strong></span> 
     </span>
     <span class='ocr_line' id='line_1_36' title="bbox 197 4043 1423 4131; baseline 0.002 -23"><span class='ocrx_word' id='word_1_327' title='bbox 197 4044 253 4112; x_wconf 84' lang='grc'><strong>39</strong></span> <span class='ocrx_word' id='word_1_328' title='bbox 277 4043 411 4111; x_wconf 90' lang='grc'><strong>61812</strong></span> <span class='ocrx_word' id='word_1_329' title='bbox 436 4044 480 4109; x_wconf 93' lang='grc'><strong>66</strong></span> <span class='ocrx_word' id='word_1_330' title='bbox 504 4065 530 4110; x_wconf 89' lang='grc'><strong>6.</strong></span> <span class='ocrx_word' id='word_1_331' title='bbox 554 4043 901 4131; x_wconf 77' lang='grc'><strong>206616616666661,</strong></span> <span class='ocrx_word' id='word_1_332' title='bbox 930 4043 974 4107; x_wconf 74' lang='lat'><strong>20</strong></span> <span class='ocrx_word' id='word_1_333' title='bbox 996 4048 1018 4110; x_wconf 90' lang='lat'>4</span> <span class='ocrx_word' id='word_1_334' title='bbox 1041 4044 1085 4108; x_wconf 91' lang='lat' dir='ltr'><strong>ad</strong></span> <span class='ocrx_word' id='word_1_335' title='bbox 1109 4043 1129 4106; x_wconf 83' lang='lat'><strong>3</strong></span> <span class='ocrx_word' id='word_1_336' title='bbox 1154 4051 1288 4129; x_wconf 89' lang='lat' dir='ltr'>spectat,</span> <span class='ocrx_word' id='word_1_337' title='bbox 1315 4044 1354 4108; x_wconf 89' lang='grc'><strong>12</strong></span> <span class='ocrx_word' id='word_1_338' title='bbox 1383 4047 1423 4110; x_wconf 80' lang='lat'><strong>15</strong></span> 
     </span>
     <span class='ocr_line' id='line_1_37' title="bbox 198 4152 353 4221; baseline 0.026 -4"><span class='ocrx_word' id='word_1_339' title='bbox 198 4152 242 4217; x_wconf 90' lang='lat' dir='ltr'><strong>ad</strong></span> <span class='ocrx_word' id='word_1_340' title='bbox 270 4152 353 4221; x_wconf 84' lang='lat'>114.</span> 
     </span>
    </p>
   </div>
   <div class='ocr_carea' id='block_1_7' title="bbox 196 4397 1423 4558">
    <p class='ocr_par' dir='ltr' id='par_1_7' title="bbox 196 4397 1423 4558">
     <span class='ocr_line' id='line_1_38' title="bbox 288 4397 1423 4470; baseline -0.002 -14"><span class='ocrx_word' id='word_1_341' title='bbox 288 4402 322 4468; x_wconf 82' lang='lat'><strong>¹⁰)</strong></span> <span class='ocrx_word' id='word_1_342' title='bbox 341 4402 394 4456; x_wconf 88' lang='lat' dir='ltr'>Sed</span> <span class='ocrx_word' id='word_1_343' title='bbox 411 4402 448 4456; x_wconf 88' lang='lat' dir='ltr'><strong>ib.</strong></span> <span class='ocrx_word' id='word_1_344' title='bbox 469 4402 502 4454; x_wconf 83' lang='grc'><strong>16</strong></span> <span class='ocrx_word' id='word_1_345' title='bbox 525 4404 587 4470; x_wconf 89' lang='lat' dir='ltr'>post</span> <span class='ocrx_word' id='word_1_346' title='bbox 612 4404 705 4467; x_wconf 79' lang='lat' dir='ltr'>ferens</span> <span class='ocrx_word' id='word_1_347' title='bbox 731 4401 834 4454; x_wconf 88' lang='lat' dir='ltr'>iniuria</span> <span class='ocrx_word' id='word_1_348' title='bbox 861 4400 937 4454; x_wconf 85' lang='grc'><strong>66661</strong></span> <span class='ocrx_word' id='word_1_349' title='bbox 964 4403 1075 4467; x_wconf 79' lang='lat' dir='ltr'>dicitur,</span> <span class='ocrx_word' id='word_1_350' title='bbox 1102 4397 1180 4452; x_wconf 90' lang='lat' dir='ltr'>cuius</span> <span class='ocrx_word' id='word_1_351' title='bbox 1207 4399 1281 4452; x_wconf 87' lang='lat' dir='ltr'>uocis</span> <span class='ocrx_word' id='word_1_352' title='bbox 1309 4400 1423 4454; x_wconf 82' lang='lat' dir='ltr'>fortasse</span> 
     </span>
     <span class='ocr_line' id='line_1_39' title="bbox 196 4489 803 4558; baseline -0.005 -14"><span class='ocrx_word' id='word_1_353' title='bbox 196 4492 332 4558; x_wconf 86' lang='lat' dir='ltr'>reliquiae</span> <span class='ocrx_word' id='word_1_354' title='bbox 351 4496 416 4545; x_wconf 89' lang='lat' dir='ltr'>ante</span> <span class='ocrx_word' id='word_1_355' title='bbox 434 4495 541 4544; x_wconf 75' lang='lat' dir='ltr'>uenisse</span> <span class='ocrx_word' id='word_1_356' title='bbox 558 4489 588 4543; x_wconf 90' lang='lat' dir='ltr'><strong>in</strong></span> <span class='ocrx_word' id='word_1_357' title='bbox 606 4489 697 4544; x_wconf 86' lang='lat' dir='ltr'>codice</span> <span class='ocrx_word' id='word_1_358' title='bbox 716 4493 803 4543; x_wconf 83' lang='lat' dir='ltr'>erant.</span> 
     </span>
    </p>
   </div>
   <div class='ocr_carea' id='block_1_8' title="bbox 0 0 1633 5040">
    <p class='ocr_par' dir='ltr' id='par_1_8' title="bbox 0 0 1633 5040">
     <span class='ocr_line' id='line_1_40' title="bbox 0 0 1633 5040; baseline 0 0"><span class='ocrx_word' id='word_1_359' title='bbox 0 0 1633 5040; x_wconf 95' lang='lat' dir='ltr'><strong> </strong></span> 
     </span>
    </p>
   </div>
  </div>
 </body>
</html>
