3254 5040
788 251 831 317 36

702 339 915 349 *a

194 451 237 516 26
269 447 460 529 magnonem)
490 485 531 494 —
565 467 626 512 nec
660 466 737 512 uero
771 465 811 510 ex
839 445 868 508 A
900 444 1051 529 pendere.
1106 441 1235 508 accedit
1266 439 1352 524 quod
1381 443 1430 504 23

193 554 363 620 lectionem
385 554 483 620 habet
506 553 667 637 integram
688 553 862 636 Cassiepiae
884 552 918 616 in
937 557 1073 634 utroque
1097 548 1209 614 codice
1233 553 1430 630 corruptam,

195 669 227 726 et
250 665 293 726 bd
323 661 452 745 Aquari.
500 660 598 725 etiam
625 659 716 724 locus
749 658 804 723 ille
833 662 875 740 (u.
902 660 959 738 57)
990 678 1010 722 a
1038 656 1206 722 Prisciano
1239 649 1308 720 solo
1336 659 1430 718 recte

195 774 342 834 seruatus
365 767 399 831 in
424 766 657 850 Cagenuina
679 764 833 830 memoria
857 784 895 829 eo
923 770 1049 844 tantum
1076 760 1208 845 recedit,
1237 759 1323 844 quod
1346 781 1368 823 a
1391 766 1424 824 et
1459 779 1462 784 ·

193 897 218 938 a
237 874 366 940 litterae
388 894 447 958 per
471 872 600 957 cyriaci
623 871 657 937 ni
680 871 777 936 fallor
804 870 970 936 librarium
999 868 1153 935 confusae
1178 873 1252 934 sunt
1275 874 1307 931 et
1330 871 1430 930 uetus-

194 981 252 1046 illa
281 979 424 1064 genetiui
457 979 559 1043 forma
593 978 738 1062 euanuit,
771 997 843 1042 cum
870 979 902 1040 D
930 976 1046 1042 eadem
1077 975 1142 1040 iam
1175 972 1429 1058 interpolatione

194 1088 319 1154 laboret
344 1107 408 1170 qua
432 1085 483 1154 ed.
498 1085 619 1150 Aldina
634 1088 676 1167 (a.
695 1087 794 1164 1499)
819 1087 915 1149 terrui
936 1087 1028 1148 iussit
1050 1085 1110 1159 (Ds
1134 1091 1217 1147 terro
1240 1084 1304 1146 aas
1327 1083 1367 1144 sit
1384 1108 1419 1132 =

195 1204 296 1260 terroe
324 1193 487 1272 iussit)¹⁹).
534 1213 594 1258 nec
616 1206 693 1257 uero
717 1190 837 1256 menda
861 1190 986 1257 desunt.
1034 1189 1122 1255 uelut
1144 1188 1237 1253 initio
1260 1186 1373 1253 Persei
1399 1185 1432 1249 0

195 1301 333 1366 candem
369 1301 469 1367 habet
506 1300 723 1386 corruptelam
759 1305 858 1381 atque
893 1296 1014 1362 Aldina
1051 1303 1082 1361 et
1124 1304 1253 1361 ceterae
1295 1300 1429 1359 ueteres

196 1407 355 1474 editiones
370 1411 502 1473 Perseus
516 1429 556 1492 cs,
581 1426 674 1490 quae,
698 1425 772 1470 cum
794 1405 952 1488 neglectis
976 1402 1171 1487 quibusdam
1194 1402 1311 1467 litteris
1326 1399 1429 1464 facile·

196 1516 238 1580 sit
266 1522 349 1599 orta,
378 1514 485 1580 differt
513 1515 555 1578 ab
583 1512 833 1597 interpolatione
861 1510 984 1576 codicis
1013 1511 1051 1594 A,
1080 1530 1219 1592 quacum
1245 1508 1356 1590 aliqua
1384 1526 1424 1570 ex

194 1629 287 1706 parte
320 1621 480 1687 consentit
512 1619 616 1685 codex
643 1618 749 1702 Lugd.
773 1619 856 1702 Bat,
889 1617 943 1700 qui
971 1620 1086 1683 Perseo
1117 1620 1187 1681 aisa
1215 1623 1260 1680 est
1286 1613 1429 1679 exhibet..

194 1729 300 1812 magis
324 1726 535 1811 degenerauit
557 1745 587 1790 u.
601 1727 643 1791 25
668 1728 771 1809 lapsus
795 1722 894 1810 (terra
916 1725 1030 1808 clopeu’
1054 1730 1141 1787 recte
1156 1706 1301 1787 Babrens
1315 1741 1356 1786 ex
1369 1722 1430 1804 D),

196 1856 267 1901 cum
292 1836 389 1900 etiam
411 1832 532 1898 Aldina
555 1844 658 1899 terroe
681 1834 786 1916 tapsar
810 1831 998 1899 seruauerit.

287 1941 366 2006 Cum
389 1940 487 2024 igitur
509 1939 539 2002 A
563 1946 595 2004 et
621 1939 647 2003 Ο
669 1958 709 2003 ex
733 1937 848 2002 eodem
876 1936 1023 2021 exemplo
1047 1935 1216 2001 Harleiani
1238 1936 1272 2000 in
1294 1933 1428 1999 modum

196 2050 350 2114 instructo
375 2046 556 2131 descriptos
581 2065 654 2111 esse
668 2045 767 2110 liceat
782 2045 950 2128 suspicari,
974 2063 1169 2127 quamquam
1192 2041 1302 2126 paullo
1317 2040 1429 2107 maius

195 2153 395 2220 intercedere
418 2173 516 2237 posse
538 2151 745 2218 interuallum
769 2172 832 2216 non
846 2170 971 2234 negem,
996 2151 1037 2214 ab
1062 2168 1100 2214 eo
1124 2149 1206 2233 ipso,
1231 2146 1425 2230 qui‘codicis

195 2263 226 2326 A
249 2260 375 2327 scholia
398 2266 430 2324 et
453 2259 612 2342 imagines
637 2258 790 2343 depinxit,
815 2264 968 2342 excerpta
993 2278 1032 2323 ea
1055 2277 1095 2323 ex
1109 2256 1239 2340 Hygino
1263 2276 1327 2320 non
1350 2274 1429 2320 esse

196 2388 280 2433 nouo
304 2372 492 2450 argumento
517 2366 679 2450 probatur.

285 2473 324 2538 ld
347 2473 402 2556 qui
426 2472 503 2538 fecit
526 2471 685 2556 quomodo
709 2471 822 2536 iecerit
845 2472 910 2536 iam
934 2471 1167 2556 perquiramus.

599 2865 619 2943 ξ
643 2869 676 2927 3.
724 2870 779 2927 De
804 2869 1022 2926 scholiasta.

286 2989 336 3052 Ex
359 3007 490 3052 numero
515 3007 624 3052 eorum
649 2987 821 3071 signorum,
851 3007 935 3069 quae
959 2985 1122 3050 Ciceronis
1146 2983 1326 3066 fragmento
1351 3003 1429 3047 con-

197 3096 345 3178 tinentur,
370 3113 434 3158 una
449 3093 619 3158 Pleiadum
634 3092 680 3175 (b)
705 3093 817 3158 tabula
833 3092 965 3159 scholiis
982 3092 1110 3167 caret1).
1148 3089 1182 3154 id
1206 3110 1269 3154 non
1293 3097 1429 3174 propter

285 3288 324 3357 ¹³)
343 3291 407 3344 Non
430 3290 526 3344 dubito
550 3290 646 3344 GrotIo
674 3293 766 3353 (notae
785 3291 814 3343 in
834 3289 889 3343 uic.
912 3289 984 3357 frgg.
1004 3306 1030 3356 p.
1051 3287 1094 3354 74)
1123 3290 1151 3340 et
1174 3287 1323 3341 Bithrensio
1347 3304 1424 3355 prae·

197 3379 326 3434 euntibus
344 3398 441 3447 magico
458 3379 582 3434 scribere.
620 3397 685 3433 nam
703 3380 761 3433 ‘sub
780 3379 908 3433 culmine'
928 3377 987 3430 sine
1006 3375 1144 3430 adiectiuo
1163 3375 1284 3430 offendit.

290 3467 325 3534 ¹⁹)
344 3469 376 3521 ln
395 3468 486 3522 codice
504 3468 590 3537 Lugd.
610 3468 671 3522 Bat.
693 3468 791 3532 (Buhle
810 3469 975 3522 Arateorum
994 3469 1014 3520 t.
1030 3465 1056 3518 ΙΙ
1070 3481 1096 3534 p.
1111 3464 1175 3532 211)
1193 3465 1318 3534 genetiui
1336 3465 1430 3519 forma

198 3557 344 3626 trisyllaba
363 3557 454 3610 deleta
472 3573 522 3625 pro
540 3557 662 3625 genuina
680 3557 798 3611 lectione
816 3561 891 3626 uicit,
914 3558 946 3609 112
965 3557 1053 3608 metro
1072 3553 1225 3620 satisfieret,
1244 3558 1365 3622 peraisit
1383 3558 1430 3608 est

199 3649 358 3701 correctum.
376 3674 402 3681 -
422 3644 467 3698 hic
485 3645 569 3698 codex
586 3645 660 3699 idem
679 3645 789 3699 uidetur
808 3649 893 3714 atque
911 3645 1100 3713 fragmentum
1118 3643 1189 3696 illud
1208 3644 1337 3698 Ireidense
1355 3661 1423 3697 saec.

197 3735 273 3800 XIII,
302 3733 379 3788 cuius
404 3733 535 3787 lectiones
559 3751 576 3787 a
599 3734 689 3788 Grotii
712 3734 833 3788 editione
860 3734 1017 3788 recedentes
1044 3732 1149 3801 publici
1176 3732 1244 3785 iuris
1271 3732 1338 3786 fecit
1360 3732 1423 3786 Luc.

197 3824 298 3879 Miiller·
316 3823 352 3875 N.
366 3823 435 3876 Mus.
449 3822 502 3875 Rh.
516 3822 552 3876 20
565 3823 657 3887 (1865)
675 3841 702 3891 p.
723 3824 774 3876 142
789 3841 828 3891 sq.
861 3840 927 3877 sane
945 3822 975 3875 in
994 3821 1089 3875 eodem
1107 3838 1188 3875 uersu
1202 3822 1276 3887 (222)
1296 3821 1426 3875 desinunt

197 3913 234 3980 (u.
249 3912 338 3966 Bnhle
351 3914 372 3964 t.
386 3911 412 3964 Il
431 3929 458 3979 p.
472 3911 574 3964 2221111
588 3912 705 3965 eundem
719 3912 847 3979 uersum),
868 3915 896 3966 et
914 3910 1055 3975 lectiones,
1075 3928 1144 3978 quas
1163 3927 1196 3964 ex
1214 3913 1293 3978 parte
1311 3913 1424 3964 tantum

197 4018 288 4071 neque
306 4004 338 4054 ut
357 4000 467 4054 uidetur
485 4002 612 4054 accurate
630 4001 719 4054 Buhle
738 4000 836 4064 adfert,
855 4001 885 4054 in
903 4000 1062 4054 uniuersum
1081 3999 1264 4054 consentiunt.

239 4081 242 4086 ’
292 4089 312 4157 1)
331 4089 453 4143 Nomina
470 4091 582 4143 tantum
600 4088 718 4158 singulis
736 4089 878 4158 uirginum
896 4089 1034 4158 capitibus
1048 4090 1083 4143 ab
1097 4089 1199 4152 eodem,
1219 4088 1316 4155 quiea
1333 4086 1425 4155 pinxit

198 4183 227 4235 et
244 4177 457 4237 ceterascholia
475 4177 608 4241 excreuit,
632 4177 815 4247 superscripta
839 4180 911 4241 sunt,
934 4181 962 4231 et
981 4195 1012 4232 eo
1031 4177 1143 4245 quidem
1161 4177 1257 4231 ordine
1276 4193 1330 4244 qno
1350 4176 1424 4244 apud

199 4269 356 4324 Ciceronem
383 4270 580 4321 enumerantur
602 4264 642 4331 (u.
663 4269 696 4320 35
716 4267 775 4334 sq.)‚
804 4267 853 4334 qui
881 4284 943 4320 cum
967 4268 1002 4320 ab
1025 4268 1110 4320 Arato
1138 4269 1199 4320 tum
1222 4284 1239 4320 a
1262 4266 1425 4320 Germanico

199 4357 298 4412 differt.
317 4358 458 4424 praeterea
472 4355 640 4423 adscriptum
655 4358 696 4409 est
711 4356 824 4423 ‘septem
838 4355 947 4409 Pliades
961 4356 1006 4409 uel
1022 4354 1215 4419 Athlantidea'‚
1235 4355 1330 4409 eodem
1344 4354 1425 4407 modo

199 4463 254 4514 quo
277 4442 395 4514 singulis
417 4442 557 4512 signorum
581 4442 751 4513 imaginibus
775 4444 889 4498 nomina
912 4445 942 4498 in
967 4447 993 4496 A
1016 4444 1105 4497 solent
1128 4443 1219 4512 adfigi.
1257 4445 1290 4496 K
1309 4443 1426 4512 Sangar-

197 4533 341 4589 manensia
359 4536 467 4587 secutus
486 4534 534 4587 est.
556 4561 587 4570 -
608 4550 634 4587 u.
654 4531 723 4586 Ottl.
743 4532 761 4585 l.
781 4550 803 4586 o.
823 4535 879 4588 tab.
899 4534 964 4588 XIV
983 4536 1011 4588 ct
1030 4533 1089 4587 XV.
