3254 5040
814 250 857 315 64

223 449 369 528 apparet,
402 462 474 507 cum
508 441 653 508 Isidorus
686 443 808 527 Hygini
840 443 986 524 uerbum)
1018 442 1124 509 minus
1156 442 1356 528 perspiciens
1390 461 1451 507 suo

223 549 327 615 Marte
351 549 432 615 satis
456 569 609 634 peruerse
633 549 826 615 sententiam
849 556 997 616 mutaret.
1033 570 1204 635 perperam
1220 550 1304 616 enim
1318 549 1453 634 scripsit

223 661 304 741 quin,
336 656 430 740 quasi
454 676 581 742 semper
605 656 718 722 eadem
748 662 835 723 esset
863 657 981 741 positio
1011 656 1090 723 solis
1115 663 1147 723 et
1169 657 1265 723 lunae
1289 663 1321 722 et
1343 663 1452 722 terrae

222 764 314 849 haec,
342 763 385 830 ‘ut
413 783 472 848 per
495 762 636 828 mediam
663 769 780 829 terram
805 762 913 846 siquid
937 762 1092 829 directum
1114 764 1256 830 traicias'
1287 770 1320 829 et
1348 763 1452 828 solem

223 878 256 936 et
287 871 397 935 lunam
429 870 609 954 contingas.
661 870 723 935 hac
755 891 790 936 re
821 871 1009 956 perturbata
1044 890 1085 936 ne
1117 872 1217 936 uerba
1250 876 1281 936 et
1308 871 1381 956 ipsa
1408 890 1452 935 ex

222 978 352 1063 Hygino
378 982 421 1059 (u.
449 979 592 1057 12-14)
617 983 769 1062 excerpta
798 976 880 1042 ‘ideo
904 978 993 1043 uenit
1016 984 1051 1041 ut
1075 978 1153 1044 solis
1182 977 1265 1042 radii
1290 976 1452 1043 obiciente

223 1104 259 1151 11
283 1085 366 1150 mole
390 1091 498 1150 terrae
521 1084 585 1168 [uel
609 1084 734 1168 umbra]
758 1083 802 1149 ad
826 1104 898 1150 eam
921 1104 985 1149 non
1008 1084 1207 1169 perueniant’
1232 1084 1344 1169 inepta
1359 1082 1451 1149 uide-

222 1199 340 1277 rentur,
363 1213 590 1276 nonnumquam
615 1199 746 1257 coactus
772 1198 842 1258 erat
864 1191 1016 1258 inserere.
1054 1192 1140 1276 quod
1162 1199 1333 1276 praeterea
1357 1189 1451 1256 addit

222 1301 272 1364 net
297 1301 406 1364 umbro
434 1297 478 1364 ad
505 1299 640 1364 alteram
669 1319 765 1382 quam
794 1299 903 1364 attulit
931 1319 1062 1366 causam
1091 1299 1177 1383 ‘quia
1204 1318 1307 1382 usque
1336 1297 1380 1363 ad
1402 1298 1450 1362 lu-

222 1426 332 1471 narem
366 1407 519 1471 oirculum
551 1412 657 1472 terrae
690 1406 803 1471 umbra
832 1405 1023 1471 extenditur’
1055 1405 1200 1491 respicit,
1233 1426 1317 1489 quae
1348 1405 1451 1471 uerba

223 1513 359 1579 forsitan
375 1512 521 1578 Suetonii
545 1513 616 1597 sint,
641 1513 692 1578 cui
707 1512 891 1579 etalteram
914 1512 1153 1598 paragraphum
1168 1519 1200 1578 et
1214 1512 1308 1578 huius
1323 1511 1452 1576 initium

222 1619 335 1686 deberi
358 1618 643 1685 Reifferscheidius
668 1620 700 1700 (l.
725 1639 752 1686 c.
776 1640 807 1704 p.
833 1622 910 1700 214)
936 1619 1056 1684 statuit.

314 1748 341 1792 c.
358 1727 516 1792 2211111111
539 1728 666 1793 11111111
689 1734 797 1790 enortn
814 1763 849 1771 -
867 1747 931 1790 non
953 1727 1044 1790 111111
1066 1728 1247 1810 11111111.
1262 1728 1450 1811 tntu-12

224 1854 264 1899 ex
287 1835 371 1918 Hyg.
400 1854 475 1918 pag.
501 1835 642 1909 aul-n
672 1831 836 1916 exscripta
865 1837 949 1897 sunt.
971 1870 1015 1877 —
1039 1831 1184 1898 eiusdem
1213 1832 1329 1918 capitis
1357 1833 1450 1899 initio

223 1940 372 2024 Hyginus
400 1939 529 2004 uidetur
556 1944 738 2024 usurpatus,
767 1938 808 2004 ci.
830 1960 862 2023 p.
890 1941 1050 2024 rous—6
1073 1989 1081 2004 .
1105 1989 1113 2004 .
1140 1938 1185 2005 ‘ut
1211 1948 1310 2004 stante
1336 1943 1450 2005 mundo

224 2047 339 2113 stellae
368 2047 553 2111 exoriantur
584 2053 615 2111 et
643 2044 801 2111 occidant.
847 2045 933 2130 quod
960 2045 1031 2111 fieri
1058 2067 1122 2111 non
1149 2053 1272 2131 potest,
1307 2047 1335 2113 si
1364 2047 1450 2114 enim

223 2156 326 2218 stettoe
348 2176 446 2236 uupnc
461 2153 619 2238 feruntur'
646 2172 711 2236 eqs,

313 2281 340 2325 o.
374 2263 416 2327 28
449 2281 521 2325 cum
553 2259 687 2345 incipiat
715 2259 926 2325 ‘Ambrosium
955 2259 988 2323 in
1015 2259 1097 2324 libro
1126 2260 1350 2325 Hexaemeron
1381 2260 1449 2343 legi

224 2367 402 2452 dicentem,
436 2367 469 2431 in
496 2366 638 2433 medium
670 2366 869 2451 paragraphi
902 2365 1065 2433 secundae
1095 2367 1293 2433 enuntiatum
1316 2366 1448 2432 -iam

224 2481 321 2541 antea
353 2495 417 2539 non
449 2474 496 2539 ita
529 2474 625 2540 anxie
656 2480 782 2558 patrem
816 2473 1072 2539 ecclesiasticum
1105 2479 1233 2538 secutus
1262 2511 1304 2520 -
1332 2474 1448 2539 intexit

223 2581 377 2647 nonnulla
405 2581 527 2666 Hygini
555 2582 655 2647 uerba
684 2587 726 2666 (p.
758 2583 973 2665 rosan-27)
1007 2583 1054 2645 sol
1080 2582 1122 2646 od
1147 2603 1217 2646 1111
1244 2617 1288 2627 -
1315 2603 1335 2645 1
1361 2582 1448 2645 nobis

224 2698 386 2774 soporatur
408 2689 522 2754 ultima
536 2688 599 2754 hac
612 2708 693 2754 uoce
708 2707 766 2773 pro
781 2685 976 2771 Hyginianis
1000 2691 1103 2755 tumen
1117 2691 1217 2753 auerti
1235 2690 1309 2752 solis
1330 2688 1448 2773 posita.

312 2796 461 2879 Denique
488 2796 652 2881 Hyginum
684 2794 827 2880 inspexit
859 2794 893 2859 in
926 2795 1145 2880 conponendis
1179 2794 1220 2860 de
1250 2794 1312 2878 die,
1344 2800 1447 2880 nocte,

224 2924 334 2969 mense
372 2903 539 2988 capitibus.
584 2902 705 2968 mensis
743 2900 961 2967 definitionem
998 2906 1037 2984 (c.
1065 2904 1098 2984 4)
1137 2902 1202 2965 iam
1239 2921 1338 2986 supra
1375 2902 1472 2966 eum

226 3009 365 3076 diximus
396 3008 440 3074 ad
472 3010 605 3075 uerbum
638 3010 679 3073 ab
712 3028 750 3074 eo
783 3014 962 3072 mutuatum
995 3028 1077 3075 csse.
1131 3013 1163 3073 et
1196 3027 1267 3072 cum
1298 3008 1448 3093 Hyginus

226 3117 340 3185 eodem
366 3116 438 3182 loco
467 3137 528 3200 quo
556 3136 699 3183 mensem
727 3115 826 3180 etiam
852 3114 951 3200 diem,
978 3121 1117 3198 noctem,
1145 3134 1263 3179 annum
1286 3113 1447 3180 -huius

225 3225 258 3289 in
282 3223 469 3290 definitione
485 3222 617 3289 ⁴desinit
639 3223 669 3289 is
693 3223 747 3307 qui
769 3220 867 3287 hodie
891 3226 999 3287 exstat
1021 3221 1143 3306 Hygini
1165 3220 1313 3286 liber-
1336 3220 1447 3287 defini-

225 3332 320 3416 uerit,
366 3330 399 3396 in
434 3331 604 3416 propatulo
642 3335 692 3395 est
735 3329 896 3415 suspicari
937 3328 1034 3393 etiam
1071 3327 1152 3394 haec
1187 3328 1347 3394 Isidorum
1383 3348 1447 3393 non

225 3437 420 3522 neglexisse.
468 3445 500 3504 et
524 3436 565 3502 de
588 3443 683 3501 nocte
713 3436 844 3519 quidem
871 3436 971 3500 uerba
999 3435 1130 3518 egregie
1159 3455 1230 3500 cum
1253 3435 1447 3520 Hyginianis

227 3545 437 3630 consentiunt,
461 3565 520 3611 noc
544 3544 630 3633 quod
653 3542 695 3608 de
719 3543 771 3609 die
795 3542 902 3608 adfert
924 3543 965 3608 ab
991 3541 1060 3608 eius
1083 3542 1190 3608 uerbis
1214 3541 1392 3627 discrepat:

316 3655 379 3719 12
398 3674 428 3737 p.
446 3654 499 3731 8,4
522 3651 595 3717 ‘nox
618 3657 669 3717 est
692 3651 771 3717 solis
795 3649 943 3716 absentia
959 3647 1086 3737 (Suet),
1110 3652 1256 3734 quandin
1278 3651 1316 3714 nb
1339 3671 1448 3714 occasu

226 3782 352 3824 rursum
375 3762 417 3824 nd
439 3767 578 3825 11111111
601 3760 752 3823 recurrnt'
781 3757 819 3822 cf.
843 3756 928 3840 Hyg.
952 3777 1027 3841 pag.
1055 3759 1169 3842 120,15
1198 3755 1311 3822 ‘noctis
1340 3762 1448 3821 autem

228 3867 368 3952 spatium
392 3866 625 3933 constituerunt
640 3885 722 3950 esse,
746 3867 890 3949 quamdin
912 3866 959 3929 sot
981 3866 1018 3929 ab
1042 3886 1069 3929 o.
1084 3887 1111 3928 r.
1127 3866 1168 3929 od
1181 3886 1229 3928 11.
1253 3865 1447 3928 renertntnr'.
1520 3901 1524 3907 -

317 3995 344 4042 1.
362 3977 378 4041 1
399 3996 431 4060 p.
446 3976 499 4058 4,4
524 3972 603 4039 ‘dies
627 3978 677 4039 est
701 3972 779 4038 sclis
803 3971 959 4055 [orientis]
982 3970 1167 4057 praesentia
1183 3970 1309 4054 (Suet),
1333 3989 1448 4053 quous·

229 4102 291 4166 que
312 4084 353 4146 cd
369 4103 509 4149 11111111
525 4081 699 4165 1111111111
723 4079 762 4145 ci.
776 4079 860 4164 Hyg.
883 4077 1047 4162 ‘quamdiu
1062 4078 1111 4144 sol
1129 4079 1171 4144 ab
1186 4083 1296 4143 exortu
1310 4081 1352 4143 od
1364 4099 1392 4142 o.
1402 4079 1448 4162 pff

320 4277 355 4344 ¹⁰)
374 4278 467 4332 Etiam
489 4276 576 4331 nostri
599 4276 676 4330 codd.
700 4277 727 4328 h.
747 4276 766 4331 l.
790 4275 826 4344 (p.
849 4277 935 4342 llus)
963 4275 1060 4330 infecti
1087 4274 1224 4329 uidentur.
1265 4291 1309 4328 1111
1337 4273 1449 4342 quidem

229 4367 296 4437 quid
314 4368 366 4421 sibi
385 4368 455 4421 uelit
478 4369 548 4421 ‘cum
567 4383 650 4435 prope
669 4365 838 4419 dimensione
856 4365 894 4418 sit
911 4365 986 4418 luna*
1010 4381 1066 4418 non
1084 4364 1245 4432 intellegere
1262 4364 1358 4417 fateor.
1396 4363 1449 4416 for·
1530 4365 1533 4371 '

228 4460 301 4511 tasse
319 4459 413 4511 autem
431 4455 603 4511 scribendum
621 4457 663 4509 est
676 4472 765 4523 prope
782 4457 974 4507 diirrensionem
992 4453 1011 4506 i.
1031 4470 1053 4507 c.
1072 4470 1161 4521 propo
1179 4470 1265 4520 11111,
1289 4452 1321 4506 cf.
1341 4470 1367 4520 p.
1387 4453 1448 4517 23‚5

228 4546 270 4600 ed.
290 4547 388 4602 Bunte.
