3254 5040
816 328 836 390 5

207 523 311 604 Ulitt,
342 521 475 586 2Ulitt.
500 527 560 587 etc.
592 520 712 604 laudet,
744 541 804 586 nec
832 521 910 603 quid
939 520 1075 604 singulis
1105 519 1222 585 debeat
1250 520 1439 604 distinguat,

206 647 290 692 suae
328 628 443 710 cuique
481 627 561 692 libro
600 628 757 692 lectiones
794 627 888 692 reddi
923 648 987 692 non
1024 633 1168 712 possunt.
1222 635 1330 693 tamen
1367 648 1440 692 cum

207 735 404 798 auctoritate
441 735 525 802 inter
557 754 592 799 sc
625 733 724 799 ualde
761 754 817 799 eos
855 734 956 799 fuisse
994 733 1156 818 dispares,
1195 736 1222 800 si
1259 741 1441 799 nostrorum

207 841 360 905 codicum
392 840 548 905 lectiones
582 841 789 925 conparabis,
828 861 847 904 a
881 841 997 924 quibus
1029 841 1126 925 plane
1157 843 1282 906 alienas
1316 861 1440 925 paucas

207 947 300 1032 apud
314 948 524 1012 Munckerum
548 947 781 1032 deprehendes,
806 947 941 1026 eluceat,
967 954 998 1012 ct
1021 947 1097 1013 ‘tres
1113 948 1213 1013 luisse
1228 949 1440 1032 Pctauianae,

210 1055 335 1135 Regiae
376 1053 592 1119 bibliothecae
630 1053 717 1138 apud
755 1054 899 1119 Parisios
937 1055 1093 1136 quartum'
1137 1055 1208 1138 ipsc
1245 1055 1440 1120 Munckerus

212 1159 327 1245 (praef.
355 1160 408 1224 fol.
438 1164 470 1241 2)
500 1167 644 1244 testetur,
678 1161 754 1225 licet
783 1161 941 1245 suspicari
970 1161 1154 1226 Parisinum
1182 1160 1273 1224 illum
1303 1160 1442 1226 eundem

208 1287 286 1332 esse
325 1274 421 1350 atque
455 1268 604 1332 Bursiani
644 1266 790 1331 codicem
822 1270 857 1334 P.
904 1268 1076 1333 Petauiani
1114 1274 1222 1332 autem
1258 1267 1332 1332 libri
1370 1288 1442 1332 cum

210 1374 389 1439 maximam
412 1382 537 1457 partem
561 1374 593 1437 in
619 1374 800 1439 Christinac
817 1373 953 1439 Sueciae
976 1375 1111 1456 reginae
1134 1373 1362 1440 bibliothecam
1377 1375 1398 1441 i.
1414 1395 1441 1439 e.

212 1481 406 1546 Uaticanum
440 1481 653 1562 Reginensem
687 1481 911 1564 migrauerint,
946 1479 1177 1564 suspicandum
1210 1487 1260 1545 est
1291 1480 1442 1546 Bursiani

209 1586 343 1650 codices
359 1587 567 1670 Reginenses,
591 1588 862 1670 praestantiorem
885 1586 976 1651 illum
990 1590 1020 1650 R
1044 1593 1075 1653 et
1099 1587 1243 1652 codicem
1258 1589 1440 1670 aeg-1207

211 1693 335 1756 saeculi
351 1693 395 1755 Xl
412 1692 453 1776 (u.
464 1714 493 1776 p.
506 1697 547 1776 i),
568 1693 700 1758 eosdem
716 1713 790 1758 csse
809 1702 907 1776 atquc
923 1693 1004 1758 duos
1026 1692 1153 1758 illorum
1166 1694 1333 1759 Munckcri
1349 1694 1442 1758 Peta-

212 1800 390 1864 uianorum.
430 1806 461 1863 ct
476 1800 559 1863 deli
583 1799 712 1882 quidem
735 1808 895 1884 procerte
919 1800 1039 1866 habere
1053 1800 1115 1865 hoc
1138 1801 1252 1865 ausim.
1290 1800 1324 1863 in
1337 1801 1444 1884 prima

212 1907 300 1969 enim
324 1907 393 1970 eius
416 1907 538 1989 pagina
563 1915 612 1971 est
637 1906 789 1990 scriptum
804 1907 901 1972 ‘Petri
916 1907 1066 1972 Danielis
1080 1906 1204 1991 Aurel',
1229 1907 1319 1972 cuius
1343 1907 1443 1972 libros

215 2013 247 2076 in
289 2013 413 2077 Petauii
452 2012 679 2078 bibliothecam
721 2015 881 2096 migrasse
919 2014 1091 2095 constat.4)
1151 2014 1265 2079 tertius
1304 2011 1444 2096 denique

214 2120 414 2184 Petauianus
443 2119 529 2184 haud
555 2122 622 2184 scio
652 2141 694 2184 an
722 2120 818 2185 hodie
843 2119 994 2202 Lugduni
1017 2120 1215 2185 Batauorum
1244 2120 1443 2205 adscruetur,

215 2227 298 2289 inter
336 2226 428 2293 codd.
463 2227 555 2292 Voss.
595 2227 649 2291 lat.
679 2230 716 2291 40
744 2249 775 2292 n.
811 2231 889 2311 lbffl,
928 2247 1021 2310 quem
1060 2226 1243 2311 Leopoldus
1280 2228 1445 2292 Hcrvieux

215 2338 258 2405 (u.
285 2334 381 2414 infra)
407 2354 427 2397 a
452 2334 589 2399 Sueciae
617 2335 732 2417 regina
755 2336 871 2399 Isaaco
895 2335 1022 2418 Vossio,
1052 2335 1143 2398 cuius
1167 2334 1288 2399 amulio
1313 2335 1346 2398 in
1370 2354 1444 2398 con-

214 2439 363 2522 paranda
387 2440 585 2505 bibliotheca
609 2461 668 2505 usa
683 2449 762 2517 erat,
788 2441 872 2505 dono
898 2440 1009 2504 datum
1025 2460 1098 2506 esse
1123 2440 1299 2521 coniecit.⁵)
1333 2460 1445 2524 quam·

212 2568 313 2628 quarn
337 2549 484 2629 singulas
498 2548 665 2613 Munckeri
690 2547 837 2613 codicum
861 2547 1015 2612 lectiones
1040 2568 1112 2612 cum
1136 2568 1246 2611 eorum
1269 2549 1323 2630 qui
1346 2547 1445 2612 hodie

214 2659 344 2717 exstant
371 2655 526 2718 memoria
554 2654 754 2737 conparandi
783 2674 913 2737 operam
937 2673 996 2718 nec
1025 2654 1108 2718 subii
1132 2674 1191 2718 nec
1215 2654 1305 2737 potui
1329 2655 1446 2737 subire,

214 2779 288 2822 curn
313 2767 343 2824 et
368 2759 480 2824 codiee
495 2761 654 2825 Vossianc
682 2763 722 2825 lb
747 2769 779 2824 ct
803 2760 905 2824 altero
921 2760 1097 2842 Reginensi
1122 2761 1182 2823 sim
1206 2760 1387 2826 destitutus.
1403 2795 1446 2806 -

215 2872 345 2948 praeter
382 2866 441 2931 hos
480 2865 610 2931 codices
652 2866 878 2931 nonnullarum
916 2865 1094 2930 lectionum
1135 2867 1328 2931 mentionem
1366 2867 1447 2932 iacit

216 2972 412 3039 Munckerus
437 2993 476 3037 ex
500 2973 596 3038 ‘Susii
626 2972 762 3056 codicc’,'
787 2973 828 3038 dc
851 2994 914 3056 quo
937 2994 968 3037 u.
992 2972 1075 3037 inira
1100 2993 1126 3037 c.
1151 2974 1225 3053 ΙΙξ
1254 2977 1268 3037 1
1295 2972 1368 3038 adn.
1393 2977 1445 3058 20,

214 3086 250 3142 et
274 3098 314 3142 ex
337 3079 541 3144 ‘membranis
565 3079 699 3163 Rulaei',
724 3080 765 3144 de
789 3080 904 3163 quibus
928 3101 957 3145 u.
981 3101 1012 3164 p.
1037 3084 1054 3145 l
1080 3079 1154 3145 adn.
1178 3084 1208 3145 e.

305 3187 549 3269 Augustinus
573 3207 647 3250 van
672 3187 859 3252 Staveren
889 3186 1130 3270 (Mythographi
1153 3187 1256 3252 latini.
1281 3187 1385 3270 Lugd.
1410 3189 1447 3255 B.

215 3302 249 3356 et
277 3292 510 3358 Amstelcdami
539 3297 630 3359 1142.
677 3296 711 3372 4)
736 3294 839 3359 tribus
864 3293 1043 3376 Vossianis,
1071 3293 1184 3357 codice
1207 3294 1257 3359 Ti.
1282 3294 1448 3359 Hemster·

309 3451 333 3518 ⁴)
353 3471 377 3504 u.
398 3454 473 3505 Burs.
495 3453 512 3505 l.
532 3471 553 3506 c.
574 3472 599 3521 p.
620 3455 644 3518 2,
664 3457 693 3508 et
711 3471 796 3521 quam
814 3454 843 3506 in
862 3452 1040 3507 adnotatione
1060 3453 1157 3507 laudat
1177 3453 1329 3506 Her-manni
1347 3453 1448 3522 Hagen

215 3542 251 3595 de
271 3542 351 3594 Petro
367 3541 464 3594 Daniel
485 3542 702 3610 disputationem
717 3541 807 3609 (Rern.
826 3542 903 3607 1873)
921 3541 1012 3594 initio.
1024 3570 1055 3577 —
1068 3541 1132 3594 huic
1150 3541 1253 3594 rationi
1272 3558 1327 3594 uon
1345 3542 1447 3605 obstat,

214 3630 291 3697 quod
310 3630 431 3684 eiusdem
451 3630 550 3684 codicis
569 3633 594 3683 R
611 3631 752 3684 nonnullis
772 3631 935 3685 lectionibus
954 3630 1065 3683 nomine
1084 3629 1184 3683 codicis
1203 3632 1228 3682 A
1248 3630 1293 3683 uel
1307 3631 1448 3698 Anonymi

217 3719 291 3772 idem
314 3719 479 3773 Munckerus
502 3737 567 3773 usus
591 3723 632 3774 est
656 3720 743 3784 (Burs.
767 3738 793 3788 p.
814 3721 829 3772 3
849 3719 911 3772 adn.
931 3717 967 3785 4).
1004 3736 1070 3772 nam
1093 3736 1197 3787 paucae
1220 3718 1351 3772 lectiones
1375 3736 1447 3772 com·

217 3811 413 3871 memorantur,
433 3825 522 3876 neque
541 3808 695 3876 quidquam
714 3809 747 3862 de
766 3808 856 3862 codice
875 3807 931 3871 illo,
951 3824 985 3861 ne
1004 3808 1037 3861 de
1057 3824 1088 3860 eo
1107 3807 1217 3874 quidem
1238 3807 1297 3860 uiro
1316 3807 1447 3875 quicum

216 3896 374 3949 contulerat
402 3901 564 3965 conpertum
591 3898 691 3952 habuit
720 3898 892 3952 Munckerus.
913 3929 946 3937 —
967 3896 1048 3949 huius
1078 3895 1177 3950 codicis
1205 3898 1333 3963 excerpta
1361 3913 1448 3964 aeque

216 3989 303 4052 atque
327 3988 478 4039 ceterorum
503 3990 637 4054 quattuor
661 4005 694 4041 ex
715 3987 884 4041 bibliotheca
905 3986 967 4039 Nic.
990 3985 1098 4039 Heiusii
1126 3985 1161 4038 ad
1184 3984 1365 4037 Munckerum
1388 4002 1446 4053 per·

218 4077 354 4128 uenerant
373 4073 468 4143 (praef.
488 4076 535 4130 fol.
556 4077 592 4140 2).

313 4162 334 4229 ⁶)
355 4163 458 4217 Ulitius
483 4164 545 4227 (Ian
567 4182 621 4218 van
646 4164 733 4231 Vliet)
757 4182 781 4217 a.
802 4161 897 4227 164112
925 4163 1037 4216 Parisiis
1065 4160 1227 4215 uersabatur
1254 4161 1358 4229 (Biogr.
1387 4160 1446 4212 uni·

218 4251 334 4306 uerselle
353 4270 373 4306 s.
389 4252 435 4321 u).
473 4256 535 4307 tum
553 4253 641 4323 igitur
659 4256 793 4320 quattuor
810 4252 921 4306 illorum
940 4251 1062 4306 codicum
1081 4247 1211 4304 lectiones
1226 4249 1332 4317 Hygini
1346 4249 1448 4301 Paran-

219 4341 315 4395 tiauae
335 4341 450 4395 editioni
470 4343 507 4407 (u.
526 4360 610 4411 supra
628 4342 690 4396 adn.
711 4342 738 4407 3)
762 4340 915 4409 adscripsit,
939 4357 1010 4408 quae
1033 4340 1148 4392 fortasse
1170 4341 1232 4406 post
1255 4340 1371 4389 mortem
1390 4335 1449 4388 eius

219 4431 255 4495 (a.
280 4431 359 4496 1666)
388 4430 423 4485 ad
441 4432 503 4486 Nic.
522 4431 667 4485 Heinsium
689 4431 817 4500 peruenit
842 4429 879 4495 (u.
899 4429 962 4483 adn.
985 4427 1092 4497 praec).
1129 4425 1326 4479 bibliothecam
1354 4425 1450 4476 autem

220 4519 302 4573 Pauli
321 4519 431 4574 Petauii
455 4520 568 4588 (mortui
587 4521 643 4574 iam
662 4538 687 4574 a.
710 4521 788 4586 1614)
808 4537 832 4572 a.
855 4521 922 4572 1650
947 4517 1061 4582 (Delisle
1080 4515 1196 4568 Cabinet
1219 4514 1265 4565 des
1283 4510 1450 4564 manuscrits

220 4608 234 4661 I
253 4608 314 4675 288)
335 4608 476 4663 Christina
495 4628 545 4679 per
563 4611 688 4664 isaacum
707 4609 835 4664 Vossium
855 4607 931 4662 emit.
