3254 5040
731 307 770 367 lll

135 498 226 563 ‘haee
259 497 302 582 (u.
331 496 385 583 15)
416 499 436 566 i.
462 518 488 563 e.
521 498 729 563 Andromeda
752 482 813 563 'est
845 498 1012 563 stellarum
1043 499 1124 564 XX’.
1171 498 1212 564 de
1245 501 1365 565 ceteris

135 605 216 670 locis
248 605 345 669 uelim
378 604 480 670 adeas
512 605 704 672 Bursianum
737 605 755 672 l.
790 626 816 673 c.
855 602 1010 670 insertum
1043 612 1151 671 autem
1184 626 1257 671 esse
1289 607 1364 673 sub·

135 711 310 776 stantiuum
334 711 415 775 illud
430 732 450 775 a
465 711 605 795 librario,
629 714 684 794 qui
708 712 785 794 quid
809 713 978 795 genetiuus
1001 715 1158 778 stellarum
1183 713 1244 778 sibi
1263 713 1362 778 uellet

135 818 240 882 minus
268 819 474 902 perspiceret,
507 819 604 882 etiam
633 839 671 884 eo
701 821 928 903 conprobatur,
962 819 1048 901 qnod
1077 818 1191 884 eodem
1218 819 1362 885 remedio

135 925 185 989 usi
217 933 292 990 sunt
323 925 614 990 recentissimorum
647 925 794 992 codicum
823 927 885 990 FU
916 927 1047 1010 librarii,
1080 927 1143 992 uisi
1177 926 1263 1008 quod
1294 927 1365 992 fere

135 1032 255 1114 ubique
277 1053 335 1116 pro
351 1035 426 1098 ordo
450 1034 592 1098 scribunt
615 1055 771 1098 acroama.
809 1033 948 1115 denique
961 1017 1207 1117 patrocinantur
1220 1032 1362 1097 traditae

135 1139 265 1203 lectioni
289 1139 311 1202 ii
327 1140 389 1204 loci
414 1139 530 1221 quibus
545 1148 601 1203 aut
621 1160 735 1222 nomen
760 1140 845 1223 signi
869 1139 910 1203 de
926 1159 989 1221 quo
1004 1140 1112 1222 agitur
1134 1139 1364 1223 praemittitur,

134 1255 169 1309 ut
197 1266 243 1310 co.
273 1250 314 1311 26
345 1257 494 1321 (corono.
519 1256 589 1312 ‚eat
614 1255 678 1329 st),
711 1250 753 1313 28
783 1251 906 1330 (fiunto
934 1269 1054 1331 oquae.
1079 1300 1085 1314 .
1109 1255 1170 1320 ,st
1200 1255 1268 1331 est),
1306 1255 1363 1311 aut

135 1372 317 1436 pronomen,
342 1362 376 1416 ut
391 1373 435 1419 ec.
451 1358 470 1418 s
487 1362 519 1419 et
535 1357 563 1420 9.
597 1353 656 1419 sed
680 1354 778 1418 etiam
801 1354 833 1416 in
858 1373 928 1437 cap.
944 1358 963 1420 8
989 1353 1063 1433 (hie
1075 1365 1113 1401 '-
1128 1353 1195 1419 scil.
1210 1352 1363 1438 Cepheus

138 1496 172 1506 ω
192 1466 278 1524 totus
303 1460 430 1523 omnino
454 1469 504 1525 est
528 1460 725 1540 stellarum*)
749 1461 852 1540 XIX')
876 1463 951 1526 ordo
976 1463 1005 1524 R
1027 1461 1172 1544 inseruit,
1195 1459 1229 1525 in
1253 1465 1360 1544 caph

134 1575 170 1632 ut
192 1589 337 1630 narniens
362 1566 504 1650 adderet,
533 1570 605 1632 hneo
629 1566 713 1652 (scil.
739 1567 924 1651 Cassiepia)
955 1568 987 1631 in
1010 1571 1058 1631 hic
1085 1567 1229 1632 mutauit.
1274 1567 1362 1631 idem

135 1695 161 1740 c.
188 1677 230 1740 36
255 1675 420 1739 substituit
443 1675 498 1739 ‘ita
523 1683 601 1738 totae
626 1682 676 1739 est
700 1674 865 1739 stellarum
889 1674 972 1738 ordo’
997 1694 1055 1757 pro
1080 1674 1136 1738 ‘ita
1160 1683 1222 1738 tota
1236 1674 1363 1756 (Nauis,

135 1780 175 1847 cf.
200 1801 227 1846 e.
253 1784 272 1846 8
298 1780 390 1863 totns)
415 1801 443 1847 e.
469 1781 515 1846 st'
540 1819 584 1825 —
608 1781 725 1847 ceteris
749 1781 830 1845 locis
854 1779 930 1845 aliis
952 1781 1060 1844 uerbis
1084 1780 1184 1844 utitur
1202 1779 1364 1863 Hyginus,

135 1889 190 1950 ‘ita
215 1896 288 1951 sunt
313 1887 437 1951 stollae’
461 1888 514 1952 uel
538 1888 644 1952 ‘habet
661 1887 800 1979 stellas’3
825 1887 1017 1968 ubicumque
1041 1894 1149 1950 autem
1164 1884 1233 1950 lieri
1247 1888 1364 1970 potuit,

135 1995 168 2058 in
191 1998 219 2057 R
244 1998 319 2057 ordo
344 2006 505 2067 (ramirans
529 2016 553 2058 o.
580 1998 615 2070 9)
640 1995 794 2060 insertum
818 2003 868 2060 est
893 2001 1028 2077 excepto
1052 2013 1123 2077 cap.
1148 1993 1250 2073 401⁶).

224 2101 439 2166 Nihilominus
474 2102 576 2166 codex
605 2105 633 2165 lt
664 2109 696 2166 et
722 2103 794 2184 ΗΜ,
827 2122 899 2165 cum
930 2101 1059 2165 minime
1091 2100 1233 2185 propriis
1264 2100 1363 2165 inter·

136 2209 353 2293 polationibus
387 2215 419 2271 θῖ
451 2209 641 2292 corruptelis
678 2209 761 2272 inter
793 2227 829 2272 se
861 2206 1025 2291 differant,
1062 2208 1116 2271 ubi
1150 2207 1364 2290 consentiunt,

136 2315 302 2398 archetypi
326 2319 361 2379 X
383 2316 570 2399 plerumque
596 2335 747 2380 seruasse
771 2314 926 2379 lectiones
950 2313 1113 2394 uidentur,
1142 2314 1196 2378 ubi
1220 2313 1302 2377 inter
1326 2333 1363 2377 εθ

136 2423 322 2506 discrepant
352 2426 420 2485 taut
451 2420 568 2503 singuli
598 2430 654 2485 aut
682 2441 765 2485 unus
794 2441 813 2483 a
838 2421 977 2504 ceteris),
1006 2421 1060 2502 qui
1089 2419 1193 2486 codex
1220 2421 1363 2503 speciem

69 2553 98 2621 b)
134 2528 394 2613 interpolationis
423 2548 500 2612 prae
529 2548 565 2593 se
592 2528 688 2610 ferat,
718 2527 936 2609 ‹praerendum
965 2534 1015 2592 est
1043 2534 1075 2591 et
1102 2527 1362 2592 recentiorum

27 2635 282 2717 deperjcodicum
306 2635 416 2717 aliqua
439 2635 521 2698 ratio
545 2634 704 2699 habenda.
744 2635 828 2699 raris
853 2634 934 2700 locis
957 2635 1023 2698 iam
1046 2636 1146 2698 RDM
1166 2653 1186 2697 a
1209 2634 1364 2718 primario

54 2768 113 2805 ores
136 2743 249 2808 codice
272 2744 444 2807 aberrasse
470 2748 509 2822 tu.
527 2762 625 2825 supra
640 2741 713 2808 adu.
734 2740 787 2826 14)
813 2741 987 2807 eorundem
1010 2742 1164 2807 memoria
1183 2741 1363 2806 certissime

136 2851 364 2933 conprobatum
393 2869 586 2931 quamquam
615 2848 648 2911 hi
677 2855 773 2913 caute
801 2849 998 2932 respiciendi
1028 2857 1110 2915 sunt.
1157 2855 1231 2914 sunt
1254 2855 1362 2913 autem

136 2956 265 3021 codices
290 2954 412 3021 saeculi
436 2956 557 3039 XlsXll
582 2958 675 3036 Bh'l',
708 2956 790 3019 inter
818 2976 899 3037 quos
927 2956 1105 3038 principem
1136 2955 1229 3036 quasi
1258 2954 1363 3019 locum

135 3062 263 3127 uidetur
289 3070 399 3127 tenere
424 3064 460 3144 c,
490 3062 542 3143 qui
573 3081 593 3124 a
616 3062 749 3125 librarlo
777 3063 915 3126 maxime
944 3061 1114 3126 temerario
1145 3080 1185 3124 ex
1214 3061 1363 3143 exemplo

135 3170 256 3254 probae
280 3176 377 3233 notae
400 3168 631 3251 transscriptus
657 3175 706 3233 θεῖ
734 3187 793 3232 nec
816 3188 889 3232 raro
914 3167 1051 3251 optimas
1081 3174 1179 3248 atque
1207 3167 1248 3230 ab
1277 3167 1363 3230 omni

136 3277 245 3359 specie
277 3275 535 3359 interpolationis
563 3274 683 3340 liberas
710 3263 744 3340 ιθῖ
774 3274 966 3340 scholiorum
994 3274 1083 3338 Harl.
1117 3273 1259 3338 adsensu
1287 3294 1361 3338 con·

136 3383 290 3466 probatas
323 3382 477 3446 lectiones
510 3382 598 3446 solus
633 3381 770 3446 exhibet.
794 3419 836 3427 —
861 3381 1053 3445 deteriorum
1087 3379 1261 3445 memoriae
1294 3379 1362 3445 fere

137 3496 210 3554 suut
232 3508 330 3572 pares
354 3487 549 3553 secundae
573 3508 705 3553 manus
729 3488 875 3552 codicum
899 3487 1121 3569 uetustiorem,
1145 3487 1281 3568 quaein
1296 3490 1366 3551 ΒΜ

137 3595 191 3675 (de
206 3598 235 3658 lt
249 3596 428 3659 Bursianus
444 3593 544 3679 tacet)
569 3595 650 3678 ipsis
667 3594 833 3659 codicibus
857 3614 919 3657 non
934 3594 1034 3657 multo
1059 3601 1134 3658 sunt
1155 3593 1363 3678 recentiores,

136 3708 223 3767 certe
248 3702 377 3767 saeculo
402 3702 432 3764 X
456 3700 511 3765 uix
535 3700 712 3767 inferiores.
757 3700 917 3765 fluxerunt
941 3700 1023 3764 enim
1052 3700 1084 3763 iu
1114 3699 1296 3765 uniuersum
1322 3720 1362 3765 ex

136 3808 305 3874 deterioris
330 3809 458 3890 generis
483 3808 657 3892 codicibus,
685 3808 731 3872 ita
756 3815 789 3871 ut
812 3828 875 3871 non
898 3807 1012 3890 paucis
1040 3807 1121 3872 locis
1150 3807 1363 3874 uetustiorem

233 4057 259 4122 *)
279 4066 315 4111 eat
335 4061 472 4110 stellarum
493 4057 628 4110 traditum
648 4061 696 4111 est.
734 4058 857 4110 Bunteus
876 4055 985 4124 scripsit
1004 4060 1141 4110 stellarum
1162 4067 1206 4111 eat.

227 4146 262 4211 15)
283 4147 344 4199 Alio
363 4146 442 4199 modo
461 4145 491 4198 in
509 4146 625 4213 Hasperi
645 4147 765 4214 ‘Hygino
783 4145 952 4213 philosopho·
978 4145 1015 4212 (u.
1035 4146 1108 4199 infra
1127 4164 1185 4214 cap.
1205 4146 1244 4198 IV
1263 4146 1313 4198 sub
1332 4146 1363 4207 f.)

135 4237 241 4291 traditu
259 4237 343 4290 uerba
357 4238 422 4288 sunt
436 4237 555 4288 mutata.
592 4251 715 4287 summae
734 4234 806 4288 enim
826 4234 970 4287 stellarum
988 4251 1076 4302 paene
1094 4235 1196 4301 ubique
1214 4234 1258 4286 his
1272 4234 1364 4287 uerbis

135 4327 326 4395 adiunguntur
341 4325 391 4378 ‘ita
405 4326 470 4376 sunt
485 4323 615 4387 (omnesl'.
628 4352 658 4360 —
671 4322 805 4392 genuinas
825 4328 918 4377 autem
939 4323 1069 4378 lectiones
1087 4324 1117 4376 in
1129 4323 1186 4376 solo
1200 4325 1225 4375 B
1239 4328 1363 4377 seruatas

135 4416 263 4470 hocloco
282 4430 461 4468 commemoro
481 4413 507 4464 II
526 4413 560 4464 23
580 4431 605 4480 p.
626 4414 704 4475 65,10
729 4415 865 4465 estimaret
884 4421 907 4465 et
930 4429 947 4464 a
966 4413 1064 4467 ceteris
1087 4412 1213 4465 omnibus
1232 4412 1364 4466 omissum

136 4506 173 4569 (u.
193 4504 309 4557 Bursian
328 4503 346 4555 l.
366 4520 387 4555 c.
407 4519 432 4569 p.
449 4502 493 4567 26)
513 4504 541 4554 θῖ
559 4502 586 4554 ll
606 4504 639 4555 33
658 4519 685 4569 p.
703 4503 762 4566 luti
781 4506 818 4555 ud
836 4505 1023 4556 contradendam
1043 4503 1130 4568 (Burs.
1144 4503 1162 4555 l.
1178 4501 1224 4569 e.);
1243 4520 1270 4557 u.
1288 4502 1366 4557 infra

135 4612 194 4662 cop.
215 4594 263 4646 ΙΙΙ.
