3254 5040
680 332 884 431 ..a-

167 528 331 594 Oiceronis
356 527 491 593 carmini
514 526 744 611 adiunctus14),
767 527 801 592 in
816 526 963 592 codicum
976 527 1066 592 Aur)
1089 527 1274 612 archetypo,
1298 525 1390 593 cuius

165 635 341 718 imaginem
369 633 559 700 fidelissime
583 633 727 700 seruauit
749 634 787 718 A,
816 633 963 698 mutilum
987 654 1115 700 carmen
1138 633 1335 717 imaginibus
1359 640 1391 700 et

167 741 301 808 scholiis
316 742 364 807 eis
379 741 543 826 inscriptis
558 747 590 805 et
604 761 645 806 ex
657 741 804 826 partibus
823 741 896 806 libri
916 740 1050 807 secundi
1065 749 1097 808 et
1111 742 1198 807 tertii
1212 740 1391 826 Hyginiani

168 848 342 915 contractis
358 854 554 913 exornatum.
590 847 680 912 nulla
703 849 801 931 igitur
824 849 891 916 fere
915 848 1092 914 similitudo
1115 849 1199 914 inter
1221 855 1391 932 utrumque

169 956 350 1040 exemplum
364 962 421 1040 est,
445 955 492 1019 ita
504 961 541 1019 ut
555 954 598 1020 ad
611 962 792 1020 nostrorum
807 954 1000 1021 scholiorum
1015 956 1172 1039 originem
1187 954 1391 1023 statuendam

168 1060 286 1128 Isidori
308 1060 388 1126 illud
411 1061 638 1147 testimonium,
662 1082 760 1146 aquo
784 1063 921 1147 profecti
944 1083 1063 1148 sumus,
1087 1083 1192 1148 paene
1214 1063 1294 1128 nihil
1318 1082 1390 1127 con-

168 1167 259 1233 ferat.
292 1167 379 1233 idem
401 1168 499 1253 plane
522 1168 647 1234 irritum
671 1169 767 1248 eadit,
793 1170 821 1235 si
836 1169 996 1235 Isidorum
1009 1169 1153 1235 ‘Aratum
1172 1176 1205 1234 et
1217 1169 1389 1255 Hyginum'

168 1295 203 1341 se
231 1275 323 1359 sequi
346 1282 518 1342 testantem
548 1297 761 1361 conparamus
790 1296 862 1341 cum
886 1276 1001 1342 Orosio
1025 1277 1223 1362 ‘Pompeium
1249 1279 1392 1360 Trogum

168 1389 200 1448 et
222 1382 388 1448 lustinum’
417 1403 482 1448 non
510 1382 611 1449 semel
637 1382 857 1470 laudante¹⁵):
888 1391 923 1449 ut
949 1384 1003 1450 hic
1031 1383 1135 1449 solum
1157 1385 1314 1450 Iustinum
1338 1379 1391 1450 e'x-

166 1490 292 1574 pilauit,
314 1490 363 1555 ita
384 1490 538 1569 Isidorus,
564 1510 635 1555 curn
653 1491 819 1576 Hyginum
842 1498 1038 1575 excerperet,
1060 1511 1125 1556 non
1148 1491 1243 1557 huius
1266 1497 1391 1556 tanturn

167 1618 284 1663 nomen
313 1598 428 1683 attulit,
461 1597 520 1664 sed
548 1599 647 1665 etiam
674 1599 752 1684 eius,
786 1619 880 1683 quem
913 1599 1008 1682 quasi
1040 1619 1197 1664 summurn
1229 1606 1392 1664 auctorem

167 1705 223 1771 ille
247 1705 403 1790 agnoscit,
425 1705 528 1772 Arati.

258 1810 322 1878 Sed
346 1812 475 1879 etiamsi
498 1813 551 1879 hic
574 1812 692 1879 Isidori
719 1814 811 1879 locus
838 1812 1061 1897 neglegendus
1085 1815 1135 1899 sit,
1164 1821 1272 1879 tamen
1295 1834 1391 1897 quae-

168 1919 256 2003 ritur,
279 1939 322 1983 au
349 1919 431 1985 haec
455 1919 580 1987 scholia
603 1942 673 1986 eum
703 1921 900 2004 imaginibus
924 1928 992 1986 tam
1018 1921 1194 1988 artificiose
1222 1921 1392 1987 coniuncta

170 2045 210 2090 ex
232 2025 306 2110 ipsa
329 2027 522 2111 antiquitate
547 2029 703 2111 originem
718 2028 846 2094 ducant.
884 2049 963 2096 sane
986 2030 1131 2114 picturas
1150 2028 1226 2095 illas
1241 2029 1392 2111 egregias

172 2131 293 2198 codicis
320 2133 350 2197 A
378 2134 421 2198 ad
449 2135 617 2219 antiquum
645 2136 857 2221 exemplarffi)
890 2136 1043 2202 recedere
1071 2137 1245 2221 peritorum
1272 2136 1391 2202 iudicio

168 2284 381 2296 ——.-—-

260 2366 297 2437 ¹⁴)
317 2369 428 2424 Scilicet
445 2369 475 2423 in
493 2371 626 2440 margine,
652 2372 843 2426 commentarii
861 2372 959 2426 instar.
995 2373 1080 2426 libros
1099 2372 1125 2424 Π
1144 2374 1173 2425 et
1191 2372 1231 2425 III
1251 2371 1339 2440 igItur
1357 2371 1392 2424 ad

168 2474 231 2512 eam
253 2461 362 2527 partem
389 2458 519 2513 carminis
547 2460 697 2529 adscriptos
720 2461 803 2515 inisse
826 2479 933 2516 necesse
957 2464 1007 2526 est,
1035 2461 1142 2528 quade
1166 2460 1283 2530 singulis
1306 2460 1393 2528 signis

169 2548 271 2618 agitur.
308 2548 377 2602 haec
396 2566 458 2603 cum
476 2549 533 2603 iam
552 2550 708 2618 antiquitus
732 2551 901 2618 imaginibus
925 2551 1009 2605 fuerit
1032 2552 1176 2614 instructa,
1201 2550 1318 2619 quaein
1338 2550 1392 2602 sin·

168 2638 250 2708 gulas
268 2637 385 2707 paginus
403 2639 533 2693 subiectis
552 2639 675 2693 uersibus
694 2639 859 2694 distributae
878 2644 957 2694 erant
975 2641 1012 2705 (u.
1031 2640 1105 2693 infra
1123 2639 1253 2703 adult),
1273 2639 1393 2692 multum
1503 2662 1506 2668 ·

169 2728 199 2782 in
217 2727 389 2797 marginibus
408 2730 573 2797 suppetebat
591 2729 676 2798 spatii
694 2729 767 2797 quod
785 2729 945 2798 inpleretur.
984 2747 1045 2783 curn
1065 2731 1159 2782 autem
1177 2727 1207 2781 in
1225 2729 1255 2781 ll.
1269 2729 1296 2782 Π
1311 2731 1339 2781 et
1354 2728 1394 2780 III

169 2818 281 2888 singula
298 2818 380 2886 signa
393 2818 488 2873 eodem
502 2818 596 2872 ordine
615 2821 777 2882 tractentur,
797 2821 888 2887 potest
902 2817 1019 2887 cogitari
1033 2818 1062 2870 in
1077 2817 1126 2871 illo
1145 2818 1269 2886 exemplo
1283 2817 1395 2886 singula

170 2907 264 2977 capita
282 2924 315 2961 ex
333 2911 449 2975 utroque
467 2907 538 2960 libro
556 2907 586 2960 in
600 2925 686 2961 unum
705 2907 847 2975 conposita
866 2907 942 2961 etad
957 2907 1089 2960 Arateum
1107 2906 1231 2960 ordinem
1245 2924 1393 2961 accommo-

170 2996 238 3050 data
259 2996 288 3049 in
312 2997 483 3066 marginibus
511 2996 724 3064 uniuscuiusque
751 2995 825 3066 signi
853 2995 991 3064 adscripta
1013 2995 1104 3050 fuisse.
1146 2996 1301 3065 imaginum
1329 3013 1394 3050 uero

79 3132 83 3140 .
170 3085 355 3149 lineamentis,
375 3089 407 3139 ut
425 3085 454 3138 in
472 3087 506 3147 Α,
525 3085 630 3139 includi
648 3103 704 3139 non
723 3087 859 3154 poterant,
879 3103 941 3139 eum
960 3103 1014 3139 non
1033 3102 1121 3153 pauca
1140 3088 1231 3139 essent
1250 3085 1393 3153 ampliora,

171 3192 256 3242 quam
274 3191 345 3243 quae
364 3175 399 3228 ad
417 3175 568 3244 figurarum
587 3173 724 3228 ambitum
743 3174 1021 3229 accommodarentur.

262 3279 297 3349 ¹⁵)
316 3283 387 3336 Sunt
409 3283 439 3335 hi
461 3283 522 3345 loci,
546 3283 581 3337 ad
603 3299 671 3351 quos
695 3282 769 3337 Guil.
788 3282 961 3336 Studemund
984 3282 1108 3335 animum
1130 3299 1222 3335 meum
1245 3281 1394 3336 conuertit:

172 3370 247 3426 Oros.
270 3371 335 3427 hist.
361 3372 423 3427 adu.
446 3390 510 3440 pag.
529 3372 569 3426 IV
588 3373 630 3436 6‚1
656 3375 725 3425 sicut
747 3374 889 3440 Pompeias
915 3374 1019 3439 Tropas
1042 3379 1066 3424 et
1089 3373 1212 3424 lactitiae
1233 3374 1395 3439 exprimant,

170 3462 207 3516 ib.
227 3464 244 3516 6
268 3480 288 3516 a.
312 3465 341 3517 Ρ.
368 3465 413 3516 Tr.
434 3465 497 3517 etr.
522 3465 653 3532 (utentur,
681 3462 755 3525 Iar
784 3463 926 3530 Porapcias
952 3464 1097 3514 historicus
1125 3464 1232 3529 eiusque
1259 3463 1396 3512 braccata·

172 3553 294 3605 Iustinus
317 3555 397 3620 docet,
420 3552 434 3605 I
454 3552 514 3616 loa
539 3555 578 3604 ait
601 3554 671 3604 enim
694 3552 837 3619 Pompeias
860 3554 919 3604 siae
936 3553 1059 3604 Iustinus
1080 3552 1128 3603 hoc
1150 3553 1235 3604 modo.
1272 3550 1346 3603 Seru.
1365 3549 1395 3601 in

173 3641 338 3706 nemeaea
363 3645 394 3694 de
416 3643 464 3694 hoc
487 3649 575 3694 autem
599 3643 654 3695 loco
673 3649 696 3693 et
717 3643 822 3708 Tropus
841 3648 865 3693 ct
882 3642 987 3693 Probus
1005 3647 1146 3707 quaerunt,
1170 3639 1202 3692 ol'.
1223 3639 1254 3693 0.
1272 3639 1396 3692 Ribbeck

171 3729 297 3799 Prolegg.
318 3729 421 3799 Uergil.
441 3748 466 3798 p.
488 3729 539 3782 145
557 3729 629 3795 adn,
649 3730 681 3784 A.
702 3729 794 3797 Sonny
813 3729 848 3783 N.
867 3729 937 3782 Mus.
956 3727 1008 3780 Ith.
1028 3729 1061 3780 41
1081 3729 1116 3791 (a.
1140 3729 1218 3794 1886)
1236 3746 1262 3796 p.
1281 3728 1342 3781 479.

265 3834 299 3904 ¹⁶)
327 3837 422 3890 Aratei
449 3837 513 3890 libri
540 3836 595 3889 iam
625 3836 781 3905 antiquitus
814 3836 982 3904 imaginibus
1010 3835 1152 3904 signorum
1185 3836 1395 3899 exornabantur,

173 3926 272 3994 quibus
291 3926 312 3978 ii
330 3928 441 3979 tantum
461 3944 563 3993 uersus,
587 3927 635 3995 qui
655 3926 690 3979 ad
708 3926 819 3995 cingula
842 3925 924 3994 signa
942 3924 1127 3994 pertinebant,
1151 3924 1396 3994 subiungebantur,

172 4016 215 4069 ita
233 4018 266 4069 ut
284 4015 414 4070 carminis
433 4016 601 4070 continuitas
621 4015 826 4084 discerperetur.
860 4014 894 4068 cf.
914 4014 1057 4069 Leontium
1078 4013 1111 4068 de
1130 4015 1262 4083 sphaerae
1280 4014 1397 4067 Arateae

173 4104 354 4159 fabricatione
373 4123 399 4173 p.
421 4106 471 4158 152
490 4105 530 4158 ed.
550 4104 711 4158 Sanciandr.
743 4097 860 4173 Ὅμηρον
884 4104 927 4172 μὲν
945 4099 970 4153 ἓν
990 4095 1053 4163 εἶδος
1077 4102 1192 4172 γραφέων
1216 4100 1325 4169 βλάπτει,
1348 4108 1397 4151 τῶν

173 4191 366 4263 βιβλιογράφων·
384 4188 500 4263 'Aponon
518 4191 543 4242 a
562 4190 613 4253 δύο,
633 4189 816 4261 βιβλιογράφων
834 4210 859 4242 τε
878 4192 921 4243 καὶ
940 4191 1088 4261 ζωγράφων,
1108 4196 1247 4246 auctorem
1266 4192 1299 4245 de
1319 4191 1397 4245 Arati

173 4300 272 4352 genere
295 4287 324 4338 et
348 4284 409 4338 utta
432 4284 461 4336 in
484 4282 595 4336 Patauii
619 4282 767 4351 Uranolog.
790 4300 816 4351 p.
843 4283 895 4335 272
919 4283 943 4334 Α
967 4279 1095 4352 &lippae
1118 4278 1143 4331 a
1166 4278 1254 4331 πολλοὶ
1277 4285 1348 4330 τοῦτο
1371 4279 1398 4330 τὸ

173 4369 272 4442 ποίημα
295 4370 423 4442 ζωγράφοι
445 4371 488 4422 καὶ
511 4368 656 4441 ἀστρονόμοι
679 4369 723 4420 καὶ
748 4370 916 4440 γραμματικοὶ
943 4370 987 4421 καὶ
1014 4370 1159 4441 γεωμέτραι·
1187 4369 1290 4430 ἕκαστος
1318 4369 1399 4420 αὐτῶν

173 4460 234 4531 πρὸς
247 4460 274 4512 τὸ
289 4457 409 4531 βούλημα
427 4460 454 4511 τὸ
472 4457 534 4511 ἴδιον
553 4460 654 4529 γραφὰς
672 4458 715 4509 καὶ
735 4456 870 4530 ἐξηγήσεις
888 4456 952 4519 ἰδίας
970 4458 1116 4529 ποιούμενοι.
1127 4461 1242 4513 —ldem
1257 4460 1289 4512 de
1303 4459 1399 4513 latinis

174 4550 311 4604 codicibus
335 4550 441 4605 factum
463 4567 521 4606 esse
543 4567 577 4605 ex
600 4566 761 4620 graecorum
785 4550 942 4604 condicione
964 4553 993 4604 et
1011 4567 1045 4605 ex
1067 4550 1101 4603 iis
1124 4551 1173 4617 qui
1195 4548 1274 4602 nobis
1296 4547 1400 4603 seruati

176 4641 241 4693 sunt
259 4639 356 4694 latinis
374 4641 556 4711 intellegitur.
593 4639 624 4694 in
643 4639 781 4695 Ciceronis
799 4639 937 4694 codicibus
958 4641 1021 4693 Oet
1035 4642 1063 4692 D
1080 4655 1190 4693 carmen
1208 4637 1303 4692 eodem
1321 4637 1401 4692 modo

1192 4726 1241 4782 511*
