3254 5040
836 242 881 308 60

247 436 325 521 fieri,
354 444 388 502 ut
411 436 473 502 duo
497 437 530 501 hi
557 438 631 503 libri
658 437 690 502 in
718 458 815 503 unum
843 438 1129 503 conscriberentur.
1175 458 1239 522 qua
1268 443 1374 503 autem
1403 436 1475 503 fere

247 549 354 609 aetate
382 543 417 608 id
444 543 564 610 factum
593 545 634 610 sit
663 551 694 611 et
722 564 778 609 cur
805 544 970 610 Ciceronis
997 545 1201 630 potissimum
1226 548 1345 610 Aratus
1374 544 1475 610 fuerit

247 650 377 735 electus,
404 652 443 721 ni„
465 650 560 716 fallor
587 650 749 716 indicatur
778 651 961 716 Germanici
990 651 1099 729 Arato,
1129 651 1183 734 qui
1212 651 1372 717 Lactantii
1400 650 1472 714 Fir-

245 757 344 822 miani
377 764 485 824 aetate
510 796 550 805 —
581 759 639 824 sub
671 757 768 822 finem
800 758 868 824 fere
901 758 986 824 tertii
1021 759 1144 824 saeculi
1170 797 1205 805 —
1234 780 1305 824 curn
1338 757 1474 823 scholiis

246 861 300 948 (iis
325 884 408 947 quae
431 864 636 931 Basileeusia
663 866 792 930 uocauit
815 863 1019 950 Breysigius)
1047 886 1110 930 uno
1139 865 1301 931 uolumine
1328 865 1394 930 iam
1424 864 1474 929 ita

245 970 432 1036 coniunctus
457 978 535 1049 erat,
560 978 595 1037 ut
617 978 711 1056 pater
732 971 788 1036 ille
813 971 969 1037 ecelesiae
993 992 1064 1037 cum
1088 971 1282 1037 scholiorum
1306 970 1474 1055 quendam

244 1077 349 1143 locum
382 1076 525 1143 adferret
557 1078 742 1144 ‘Gaesarem
774 1078 807 1143 in
839 1079 947 1143 Arato'
981 1077 1170 1165 laudaret³)‚
1204 1078 1297 1162 quasi
1325 1078 1367 1143 ab
1396 1079 1473 1162 ipso

245 1184 436 1249 Germanico
461 1191 493 1250 et
516 1205 644 1250 carmen
668 1192 700 1249 et
723 1184 847 1251 scholia
870 1184 1008 1250 fuissent
1032 1185 1188 1253 confecta.
1227 1184 1350 1251 scholia
1370 1185 1474 1268 igitur

245 1290 302 1355 illa
334 1290 400 1355 iarn
432 1291 534 1357 altero
563 1313 594 1376 p.
619 1292 652 1357 G.
686 1292 815 1358 saeculo
846 1313 885 1358 ex
914 1312 1033 1375 graeco
1067 1291 1218 1357 uidentur
1250 1292 1409 1357 translata
1438 1298 1473 1356 et

245 1396 429 1464 Germanici
461 1398 593 1463 carmini
626 1397 779 1463 adiuncta
813 1419 894 1464 esse.
945 1398 1021 1464 inde
1054 1400 1095 1464 ab
1128 1398 1190 1465 hac
1219 1405 1327 1464 autern
1359 1404 1472 1464 aetate

244 1524 347 1588 usque
379 1504 423 1569 ad
455 1526 540 1590 eam,
576 1527 641 1588 qua
673 1504 791 1571 Auieni
824 1506 943 1572 Aratus
975 1506 1008 1570 in
1040 1506 1204 1590 publicum
1236 1504 1397 1591 prodire),
1434 1504 1472 1570 id

244 1617 370 1696 tempus
404 1612 609 1678 statuendum
641 1618 700 1690 est,
735 1633 797 1696 quo
821 1649 864 1658 —
889 1611 1047 1695 siquidem
1078 1612 1152 1697 ipsa
1186 1612 1380 1695 antiquitate
1407 1611 1471 1677 hoe

244 1718 365 1783 factum
389 1726 492 1784 est-
510 1719 553 1782 ad
578 1718 742 1784 Ciceronis
765 1719 899 1783 Aratum
921 1719 1070 1803 Hyginus
1094 1718 1277 1804 adscriptus
1302 1719 1354 1786 sit.
1391 1739 1470 1784 nam

244 1845 314 1890 cum
336 1825 499 1891 Ciceronis
523 1846 652 1890 carmen
674 1832 804 1910 praeter
823 1826 1007 1891 Germanici
1021 1825 1156 1891 Aratum
1179 1826 1262 1892 inter
1285 1825 1470 1891 huiusmodi

244 1931 400 2015 carmina,
432 1952 515 2015 quae
542 1931 702 2017 permulta
731 1939 822 1998 erant
851 1935 894 2016 (u.
923 1933 1112 2018 Hieronymi
1143 1931 1250 1998 locum
1278 1933 1310 1997 in
1340 1931 1414 1999 adn.
1446 1935 1468 1997 4

242 2147 455 2156 ——---—.

242 2306 338 2343 occasu
358 2318 398 2354 -‚
427 2288 456 2342 iu
479 2289 563 2343 tertio
586 2289 622 2343 ad
640 2289 751 2357 singula
774 2288 855 2358 signa
882 2288 1032 2343 distributa
1059 2293 1124 2344 sunt
1148 2288 1262 2343 adiectis
1285 2289 1320 2342 iis
1343 2306 1414 2357 quae
1434 2289 1468 2344 de

240 2381 337 2432 mutuo
357 2395 450 2431 corum
469 2377 524 2431 situ
539 2376 568 2431 in
582 2378 711 2431 carminis
729 2377 819 2446 prima
836 2381 916 2447 parte
931 2378 1101 2432 adimuntur.
1135 2378 1173 2431 sic
1192 2378 1270 2432 uenit
1288 2378 1318 2431 in
1336 2381 1467 2442 mentem,

241 2467 314 2534 quod
337 2495 366 2503 -
386 2467 533 2536 posteriore
557 2467 668 2535 quidem
692 2470 785 2521 aetate
809 2496 842 2505 -
866 2467 996 2522 Leontius
1021 2468 1195 2521 mechanicus
1219 2468 1262 2533 (de
1285 2468 1467 2522 fabricatione

241 2556 373 2624 sphaerae
386 2557 505 2610 Arateae
519 2575 545 2625 p.
564 2558 613 2610 136
627 2557 667 2611 ed.
683 2555 855 2624 Sanctandr.)
883 2556 918 2610 iis
936 2557 1072 2625 praecipit
1090 2557 1138 2624 qui
1157 2556 1259 2610 discere
1278 2557 1374 2620 uelint,
1395 2575 1468 2625 quae

241 2645 342 2699 Aratus
361 2645 394 2698 de
413 2645 529 2715 siugulis
552 2646 639 2715 signis
663 2646 832 2700 disseruerit:
857 2645 897 2696 τὸν
916 2645 1036 2715 περὶτῶν
1055 2643 1163 2715 ἀστέρων
1181 2643 1256 2715 λέγον
1275 2642 1309 2706 εἰς
1328 2643 1382 2715 τρία
1401 2644 1467 2716 μέρη

240 2731 327 2803 διαιρεῖ
346 2727 495 2804 δἈρατος.
527 2734 571 2785 καὶ
590 2732 614 2785 ἐν
633 2736 676 2804 μέν
693 2740 728 2804 τῷ
747 2734 836 2805 πρώτῳ
855 2732 962 2785 διδάσκει
980 2735 1034 2805 περὶ
1052 2741 1108 2805 τῆς
1127 2735 1200 2804 πρὸς
1219 2731 1348 2805 ἄλληλα
1367 2731 1467 2785 αὐτῶν

240 2820 360 2883 θέσεως
381 2823 419 2888 (u.
440 2824 574 2891 ‘rc—453)
593 2861 599 2874 .
620 2862 635 2885 .,
655 2821 679 2874 έν
698 2821 723 2874 δὲ
742 2821 844 2893 δευτέρῳ
863 2824 916 2893 περὶ
935 2830 990 2894 τῆς
1010 2822 1181 2894 νοουμένης
1199 2820 1299 2875 αὐτων
1319 2821 1373 2874 ὑπὸ
1393 2824 1465 2894 [τῆς]

239 2917 296 2961 τῶν
315 2908 435 2961 κύκλων
453 2918 552 2982 τομῆς
571 2910 591 2982 ἢ
606 2911 738 2963 ὁποιασοῦν
756 2910 838 2963 αὐτῶν
856 2913 915 2982 πρὸς
929 2913 985 2973 τοὺς
1004 2911 1112 2973 κύκλους
1126 2913 1236 2982 σχέσεως
1250 2913 1412 2980 (462-558)
1427 2951 1434 2962 ·
1450 2951 1466 2976 .‚

240 2997 265 3049 ἐν
284 2997 309 3050 δὲ
327 3006 361 3068 τῷ
380 2997 457 3069 λοιπῳ
476 3001 530 3070 περὶ
552 3007 608 3071 της
631 3002 801 3072 γενομένης
821 2999 919 3052 αὐτῶν
943 3002 1016 3071 πρὸς
1035 3003 1070 3052 τὰ
1089 2999 1299 3053 ἀνατέλλοντα
1318 3002 1395 3071 μέρη
1413 3007 1466 3052 τοῦ

240 3087 393 3147 ζωδιακοῦ
419 3090 553 3151 στάσεως
576 3091 755 3160 (559-732).
775 3129 781 3141 .
801 3129 807 3141 .
828 3129 834 3141 .
854 3089 917 3141 ὥστε
942 3089 972 3141 ἂν
995 3089 1148 3161 δελησωμεν
1173 3090 1275 3142 ἕκαστον
1298 3098 1346 3143 τῶν
1370 3089 1466 3160 ζῳδίων

240 3180 305 3228 κατὰ
324 3179 404 3229 πάντα
423 3178 559 3248 συμφώνως
579 3177 685 3240 ἐντάξαι,
709 3178 792 3249 δεήσει
811 3185 863 3240 τοῖς
881 3179 941 3249 τρισὶ
960 3178 1041 3240 τόποις
1061 3178 1255 3249 ἐντυγχάνοντας
1274 3178 1465 3249 ἐπισκέψασθαι,

240 3265 303 3318 εἴτι
321 3265 419 3338 λέγεται
442 3267 567 3338 (λέγονται
586 3270 637 3336 ed.)
660 3269 713 3338 περὶ
736 3274 779 3319 τοῦ
799 3267 949 3339 ζητουμένου
973 3266 1062 3338 ζῳδέου
1081 3269 1124 3320 καὶ
1143 3270 1208 3319 κατὰ
1226 3269 1300 3338 μέρος
1324 3267 1348 3318 ἐν
1371 3275 1405 3337 τῷ
1429 3269 1465 3324 ἑνὶ

239 3353 296 3426 ἤτοι
318 3357 361 3408 καὶ
384 3355 409 3407 ἐν
431 3363 483 3418 τοῖς
508 3355 573 3409 δυσὶν
597 3355 616 3428 ἢ
640 3359 683 3409 καὶ
706 3356 730 3409 ὲν
754 3358 814 3428 τρισὶ
838 3357 973 3428 τμημασιν·
1015 3356 1057 3408 ἐὰν
1081 3356 1144 3408 οὕτω
1166 3356 1233 3427 τύχη
1256 3358 1309 3427 περὶ
1334 3355 1410 3409 αὐτοῦ
1433 3359 1465 3409 τὰ

239 3443 371 3516 λεγόμενα,
391 3443 425 3507 εἰς
444 3443 469 3498 ἓν
488 3446 675 3517 συναγαγόντας
695 3444 719 3497 έν
733 3465 776 3498 τινι
795 3447 890 3517 πτυχὶῳ
909 3445 965 3517 ἤτοι
984 3445 1108 3517 σχεδαρὶῳ
1127 3447 1186 3517 πρὸς
1205 3447 1232 3497 τὸ
1251 3446 1347 3517 ἕτοιμον
1358 3429 1464 3517 ’σχεδιά-

240 3536 342 3586 σασδαι.
362 3566 397 3573 -
415 3536 463 3590 sed
481 3536 535 3590 alio
553 3540 663 3605 praeter
681 3538 797 3590 Aratum
817 3537 893 3591 fonte
912 3537 997 3591 etiam
1015 3537 1045 3590 in
1064 3537 1106 3589 bis
1125 3538 1204 3590 rebus
1222 3537 1365 3606 Hyginum
1384 3555 1464 3590 usum

240 3643 296 3679 esse
315 3643 346 3680 eo
369 3626 558 3694 conprobatur,
583 3626 655 3694 quod
678 3627 764 3680 etiam
782 3626 816 3680 de
835 3626 935 3680 arctico
955 3630 983 3680 et
1002 3626 1153 3680 antarctico
1177 3625 1216 3693 (et
1239 3627 1338 3693 lacteo)
1362 3626 1464 3680 circulo

241 3714 329 3769 fusius
347 3715 414 3785 egit.

330 3838 351 3906 ⁸)
374 3840 501 3893 Lactant.
525 3840 537 3892 I
563 3842 592 3893 ll
622 3859 648 3909 p.
675 3841 755 3894 183A
782 3840 877 3909 Migne
905 3839 1018 3906 (Robert
1041 3841 1058 3894 l.
1079 3859 1100 3895 e.
1124 3859 1150 3910 p.
1173 3841 1241 3908 156).
1288 3843 1408 3896 ceterum
1436 3861 1462 3896 u.

238 3930 341 3984 Robert
359 3947 384 3997 p.
405 3931 421 3982 9
441 3929 503 3982 adn.
525 3930 564 3983 11.

329 4052 351 4121 ⁴)
373 4053 432 4107 Hoc
454 4053 563 4121 quaudo
587 4054 692 4107 factum
715 4052 752 4107 sit
775 4053 900 4108 indicant
924 4054 949 4108 S.
973 4054 1135 4124 Hieronymi
1157 4055 1241 4108 uerba
1263 4054 1294 4108 in
1316 4058 1462 4110 comment.

238 4143 274 4196 ad
292 4143 440 4210 epistulam
460 4142 494 4195 ad
514 4142 607 4195 Titum
627 4142 740 4196 missam
759 4143 844 4208 (intra
863 4161 948 4196 annos
967 4144 1108 4198 386-392
1127 4143 1288 4212 conscripto,
1311 4162 1338 4199 u.
1358 4143 1463 4199 Teuffel

237 4231 302 4286 hist.
320 4230 376 4286 litt.
391 4232 469 4284 Rom.
484 4233 544 4295 434,
562 4234 584 4283 1.
600 4232 615 4283 2
631 4231 672 4284 ed.
684 4231 711 4298 4)
731 4249 752 4286 e.
771 4235 797 4285 1:
818 4233 908 4300 ‘quem
928 4232 1140 4299 (sulimatum)
1161 4233 1275 4287 Cicero
1293 4232 1324 4287 in
1341 4235 1463 4288 latinum

237 4337 388 4375 sermonem
410 4320 556 4373 transtulit
574 4323 602 4374 et
621 4320 841 4375 Germanicus
860 4321 959 4376 Caesar
982 4325 1010 4376 et
1032 4340 1139 4392 nuper
1157 4322 1305 4376 Auienus
1328 4326 1357 4377 et
1379 4323 1462 4377 multi

237 4428 304 4478 quos
332 4426 490 4463 enumerare
517 4409 679 4479 perlongum
708 4411 765 4462 est.‘
813 4410 954 4477 (Vallarsii
983 4411 1049 4465 edit.
1076 4411 1125 4466 alt.
1154 4415 1174 4465 t.
1206 4412 1259 4466 VII
1281 4413 1292 4464 l
1322 4413 1371 4467 col.
1401 4412 1461 4479 706,

237 4498 341 4553 Teuffel
359 4498 378 4552 l.
398 4515 419 4551 e.
438 4497 540 4564 4203).
