<?xml version="1.0" encoding="UTF-8"?>
<!DOCTYPE html PUBLIC "-//W3C//DTD XHTML 1.0 Transitional//EN"
    "http://www.w3.org/TR/xhtml1/DTD/xhtml1-transitional.dtd">
<html xmlns="http://www.w3.org/1999/xhtml" xml:lang="en" lang="en">
 <head>
  <title>
</title>
<meta http-equiv="Content-Type" content="text/html;charset=utf-8" />
  <meta name='ocr-system' content='tesseract 3.04.00' />
  <meta name='ocr-capabilities' content='ocr_page ocr_carea ocr_par ocr_line ocrx_word'/>
</head>
<body>
  <div class='ocr_page' id='page_1' title='image "./dehyginimemoria00kaufgoog_0037.png"; bbox 0 0 3528 5232; ppageno 0'>
   <div class='ocr_carea' id='block_1_1' title="bbox 887 429 928 492">
    <p class='ocr_par' dir='ltr' id='par_1_1' title="bbox 887 429 928 492">
     <span class='ocr_line' id='line_1_1' title="bbox 887 429 928 492; baseline 0.049 -2"><span class='ocrx_word' id='word_1_1' title='bbox 887 429 928 492; x_wconf 81' lang='lat'>26</span> 
     </span>
    </p>
   </div>
   <div class='ocr_carea' id='block_1_2' title="bbox 295 620 1523 814">
    <p class='ocr_par' dir='ltr' id='par_1_2' title="bbox 295 620 1523 814">
     <span class='ocr_line' id='line_1_2' title="bbox 297 620 1523 707; baseline 0.002 -22"><span class='ocrx_word' id='word_1_2' title='bbox 297 640 406 686; x_wconf 92' lang='lat' dir='ltr'>eorum</span> <span class='ocrx_word' id='word_1_3' title='bbox 440 621 494 703; x_wconf 93' lang='lat' dir='ltr'>qui</span> <span class='ocrx_word' id='word_1_4' title='bbox 523 620 668 705; x_wconf 82' lang='lat' dir='ltr'>Cyriaci</span> <span class='ocrx_word' id='word_1_5' title='bbox 685 641 818 705; x_wconf 90' lang='lat' dir='ltr'>operum</span> <span class='ocrx_word' id='word_1_6' title='bbox 844 629 956 707; x_wconf 89' lang='lat' dir='ltr'>partes</span> <span class='ocrx_word' id='word_1_7' title='bbox 984 623 1229 707; x_wconf 89' lang='lat' dir='ltr'>conpilauerunt</span> <span class='ocrx_word' id='word_1_8' title='bbox 1260 621 1317 702; x_wconf 82' lang='lat' dir='ltr'>(cf.</span> <span class='ocrx_word' id='word_1_9' title='bbox 1345 623 1523 690; x_wconf 88' lang='lat' dir='ltr'>Mommsen</span> 
     </span>
     <span class='ocr_line' id='line_1_3' title="bbox 295 726 1522 814; baseline 0.003 -24"><span class='ocrx_word' id='word_1_10' title='bbox 295 726 315 793; x_wconf 92' lang='lat' dir='ltr'>l.</span> <span class='ocrx_word' id='word_1_11' title='bbox 340 729 388 811; x_wconf 85' lang='lat' dir='ltr'>c),</span> <span class='ocrx_word' id='word_1_12' title='bbox 413 726 528 793; x_wconf 91' lang='lat' dir='ltr'>sedet</span> <span class='ocrx_word' id='word_1_13' title='bbox 551 748 688 810; x_wconf 90' lang='lat' dir='ltr'>graecas</span> <span class='ocrx_word' id='word_1_14' title='bbox 713 728 805 793; x_wconf 83' lang='lat' dir='ltr'><strong>addit</strong></span> <span class='ocrx_word' id='word_1_15' title='bbox 829 736 861 794; x_wconf 89' lang='lat' dir='ltr'>et</span> <span class='ocrx_word' id='word_1_16' title='bbox 883 748 967 812; x_wconf 89' lang='lat' dir='ltr'>quae</span> <span class='ocrx_word' id='word_1_17' title='bbox 990 736 1161 814; x_wconf 88' lang='lat' dir='ltr'>praeterea</span> <span class='ocrx_word' id='word_1_18' title='bbox 1185 729 1341 814; x_wconf 81' lang='lat' dir='ltr'>Cyriacus</span> <span class='ocrx_word' id='word_1_19' title='bbox 1365 749 1522 796; x_wconf 86' lang='lat' dir='ltr'>commen·</span> 
     </span>
    </p>
   </div>
   <div class='ocr_carea' id='block_1_3' title="bbox 298 833 1523 1026">
    <p class='ocr_par' dir='ltr' id='par_1_3' title="bbox 298 833 1523 1026">
     <span class='ocr_line' id='line_1_4' title="bbox 298 833 1523 921; baseline 0.003 -23"><span class='ocrx_word' id='word_1_20' title='bbox 298 833 391 899; x_wconf 89' lang='lat' dir='ltr'>tariis</span> <span class='ocrx_word' id='word_1_21' title='bbox 415 833 482 899; x_wconf 91' lang='lat' dir='ltr'>suis</span> <span class='ocrx_word' id='word_1_22' title='bbox 506 833 674 910; x_wconf 84' lang='lat' dir='ltr'>admiscet,</span> <span class='ocrx_word' id='word_1_23' title='bbox 698 835 967 900; x_wconf 78' lang='lat' dir='ltr'>bibliothecarum</span> <span class='ocrx_word' id='word_1_24' title='bbox 990 835 1166 920; x_wconf 81' lang='lat' dir='ltr'>catalogos,</span> <span class='ocrx_word' id='word_1_25' title='bbox 1190 843 1344 920; x_wconf 86' lang='lat' dir='ltr'>excerpta</span> <span class='ocrx_word' id='word_1_26' title='bbox 1366 835 1523 921; x_wconf 84' lang='lat' dir='ltr'>codicum,</span> 
     </span>
     <span class='ocr_line' id='line_1_5' title="bbox 298 939 1522 1026; baseline 0.006 -22"><span class='ocrx_word' id='word_1_27' title='bbox 298 939 366 1004; x_wconf 91' lang='lat' dir='ltr'>alia</span> <span class='ocrx_word' id='word_1_28' title='bbox 380 940 423 1005; x_wconf 96' lang='lat' dir='ltr'>ab</span> <span class='ocrx_word' id='word_1_29' title='bbox 437 940 512 1006; x_wconf 90' lang='lat' dir='ltr'>aliis</span> <span class='ocrx_word' id='word_1_30' title='bbox 537 941 607 1007; x_wconf 90' lang='lat' dir='ltr'>eius</span> <span class='ocrx_word' id='word_1_31' title='bbox 632 940 865 1026; x_wconf 82' lang='lat' dir='ltr'>expilatoribus</span> <span class='ocrx_word' id='word_1_32' title='bbox 890 961 989 1026; x_wconf 86' lang='lat' dir='ltr'>saepe</span> <span class='ocrx_word' id='word_1_33' title='bbox 1007 943 1159 1025; x_wconf 91' lang='lat' dir='ltr'>neglecta</span> <span class='ocrx_word' id='word_1_34' title='bbox 1182 942 1355 1026; x_wconf 83' lang='lat' dir='ltr'>diligenter</span> <span class='ocrx_word' id='word_1_35' title='bbox 1369 942 1522 1012; x_wconf 88' lang='lat' dir='ltr'>seruauit.</span> 
     </span>
    </p>
   </div>
   <div class='ocr_carea' id='block_1_4' title="bbox 385 1063 1522 1152">
    <p class='ocr_par' dir='ltr' id='par_1_4' title="bbox 385 1063 1522 1152">
     <span class='ocr_line' id='line_1_6' title="bbox 385 1063 1522 1152; baseline 0.002 -23"><span class='ocrx_word' id='word_1_36' title='bbox 385 1063 539 1150; x_wconf 83' lang='lat' dir='ltr'>Eiusdem</span> <span class='ocrx_word' id='word_1_37' title='bbox 555 1063 677 1130; x_wconf 91' lang='lat' dir='ltr'>codicis</span> <span class='ocrx_word' id='word_1_38' title='bbox 687 1064 904 1151; x_wconf 76' lang='lat' dir='ltr'>Auximatis⁴)</span> <span class='ocrx_word' id='word_1_39' title='bbox 918 1066 1129 1150; x_wconf 79' lang='lat' dir='ltr'>apographon</span> <span class='ocrx_word' id='word_1_40' title='bbox 1144 1074 1308 1132; x_wconf 90' lang='lat' dir='ltr'>seruatum</span> <span class='ocrx_word' id='word_1_41' title='bbox 1323 1074 1373 1133; x_wconf 92' lang='lat' dir='ltr'>est</span> <span class='ocrx_word' id='word_1_42' title='bbox 1381 1066 1522 1152; x_wconf 88' lang='lat' dir='ltr'>Neapoli</span> 
     </span>
    </p>
   </div>
   <div class='ocr_carea' id='block_1_5' title="bbox 296 1170 1622 1260">
    <p class='ocr_par' dir='ltr' id='par_1_5' title="bbox 296 1170 1622 1260">
     <span class='ocr_line' id='line_1_7' title="bbox 296 1170 1622 1260; baseline 0.002 -26"><span class='ocrx_word' id='word_1_43' title='bbox 296 1171 487 1251; x_wconf 83' lang='lat' dir='ltr'>(Mommsen</span> <span class='ocrx_word' id='word_1_44' title='bbox 516 1171 637 1236; x_wconf 80' lang='lat' dir='ltr'>CIL-V</span> <span class='ocrx_word' id='word_1_45' title='bbox 660 1175 680 1237; x_wconf 85' lang='lat'><strong>2</strong></span> <span class='ocrx_word' id='word_1_46' title='bbox 703 1193 734 1256; x_wconf 91' lang='lat' dir='ltr'>p.</span> <span class='ocrx_word' id='word_1_47' title='bbox 757 1173 858 1257; x_wconf 80' lang='lat' dir='ltr'>XVI),</span> <span class='ocrx_word' id='word_1_48' title='bbox 886 1179 970 1238; x_wconf 90' lang='lat' dir='ltr'>teste</span> <span class='ocrx_word' id='word_1_49' title='bbox 998 1173 1114 1239; x_wconf 85' lang='lat' dir='ltr'>Rossio</span> <span class='ocrx_word' id='word_1_50' title='bbox 1143 1170 1209 1260; x_wconf 86' lang='lat' dir='ltr'>(ap.</span> <span class='ocrx_word' id='word_1_51' title='bbox 1239 1173 1425 1239; x_wconf 82' lang='lat' dir='ltr'>Hubnerum</span> <span class='ocrx_word' id='word_1_52' title='bbox 1453 1173 1523 1239; x_wconf 78' lang='lat' dir='ltr'>CIL</span> <span class='ocrx_word' id='word_1_53' title='bbox 1621 1249 1622 1252; x_wconf 8' lang='grc' dir='ltr'><strong>Ἴ</strong></span> 
     </span>
    </p>
   </div>
   <div class='ocr_carea' id='block_1_6' title="bbox 296 1277 1523 1364">
    <p class='ocr_par' dir='ltr' id='par_1_6' title="bbox 296 1277 1523 1364">
     <span class='ocr_line' id='line_1_8' title="bbox 296 1277 1523 1364; baseline 0.002 -24"><span class='ocrx_word' id='word_1_54' title='bbox 296 1277 330 1340; x_wconf 89' lang='grc'>11</span> <span class='ocrx_word' id='word_1_55' title='bbox 352 1298 383 1361; x_wconf 89' lang='lat' dir='ltr'>p.</span> <span class='ocrx_word' id='word_1_56' title='bbox 407 1279 485 1358; x_wconf 79' lang='lat'>692)</span> <span class='ocrx_word' id='word_1_57' title='bbox 519 1278 605 1343; x_wconf 90' lang='lat' dir='ltr'>circa</span> <span class='ocrx_word' id='word_1_58' title='bbox 636 1278 778 1344; x_wconf 91' lang='lat' dir='ltr'>medium</span> <span class='ocrx_word' id='word_1_59' title='bbox 809 1299 895 1347; x_wconf 90' lang='lat' dir='ltr'>saec.</span> <span class='ocrx_word' id='word_1_60' title='bbox 925 1279 1000 1344; x_wconf 88' lang='lat' dir='ltr'>XVI</span> <span class='ocrx_word' id='word_1_61' title='bbox 1033 1286 1209 1345; x_wconf 89' lang='lat' dir='ltr'>exaratum.</span> <span class='ocrx_word' id='word_1_62' title='bbox 1261 1278 1321 1345; x_wconf 90' lang='lat' dir='ltr'>sed</span> <span class='ocrx_word' id='word_1_63' title='bbox 1353 1300 1424 1345; x_wconf 87' lang='lat' dir='ltr'>cum</span> <span class='ocrx_word' id='word_1_64' title='bbox 1457 1280 1523 1364; x_wconf 89' lang='lat' dir='ltr'>epi·</span> 
     </span>
    </p>
   </div>
   <div class='ocr_carea' id='block_1_7' title="bbox 296 1383 1641 1575">
    <p class='ocr_par' dir='ltr' id='par_1_7' title="bbox 296 1383 1641 1575">
     <span class='ocr_line' id='line_1_9' title="bbox 298 1383 1641 1471; baseline 0.003 -24"><span class='ocrx_word' id='word_1_65' title='bbox 298 1383 455 1468; x_wconf 81' lang='lat' dir='ltr'>graphica</span> <span class='ocrx_word' id='word_1_66' title='bbox 491 1391 616 1449; x_wconf 90' lang='lat' dir='ltr'>tantum</span> <span class='ocrx_word' id='word_1_67' title='bbox 655 1385 838 1470; x_wconf 85' lang='lat' dir='ltr'>perscripta</span> <span class='ocrx_word' id='word_1_68' title='bbox 857 1429 858 1432; x_wconf 20' lang='grc' dir='ltr'><strong>κ</strong></span> <span class='ocrx_word' id='word_1_69' title='bbox 875 1386 951 1463; x_wconf 87' lang='lat' dir='ltr'>sint,</span> <span class='ocrx_word' id='word_1_70' title='bbox 996 1384 1122 1468; x_wconf 92' lang='lat' dir='ltr'>reliqua</span> <span class='ocrx_word' id='word_1_71' title='bbox 1163 1385 1351 1471; x_wconf 86' lang='lat' dir='ltr'>plerumque</span> <span class='ocrx_word' id='word_1_72' title='bbox 1393 1386 1523 1471; x_wconf 89' lang='lat' dir='ltr'>omissa,</span> <span class='ocrx_word' id='word_1_73' title='bbox 1638 1447 1641 1451; x_wconf 86' lang='grc'><em>,</em></span> 
     </span>
     <span class='ocr_line' id='line_1_10' title="bbox 296 1491 1622 1575; baseline 0.008 -21"><span class='ocrx_word' id='word_1_74' title='bbox 296 1496 448 1555; x_wconf 89' lang='lat' dir='ltr'>nostrum</span> <span class='ocrx_word' id='word_1_75' title='bbox 472 1491 690 1557; x_wconf 89' lang='lat' dir='ltr'>Uercellensis</span> <span class='ocrx_word' id='word_1_76' title='bbox 724 1491 846 1558; x_wconf 88' lang='lat' dir='ltr'>codicis</span> <span class='ocrx_word' id='word_1_77' title='bbox 878 1492 1092 1575; x_wconf 84' lang='lat' dir='ltr'>fragmentum</span> <span class='ocrx_word' id='word_1_78' title='bbox 1126 1513 1163 1558; x_wconf 91' lang='lat' dir='ltr'>ec</span> <span class='ocrx_word' id='word_1_79' title='bbox 1198 1493 1354 1558; x_wconf 88' lang='lat' dir='ltr'>contineri</span> <span class='ocrx_word' id='word_1_80' title='bbox 1386 1493 1441 1557; x_wconf 89' lang='lat' dir='ltr'>uix</span> <span class='ocrx_word' id='word_1_81' title='bbox 1473 1499 1524 1558; x_wconf 87' lang='lat' dir='ltr'>est</span> <span class='ocrx_word' id='word_1_82' title='bbox 1618 1555 1622 1564; x_wconf 92' lang='lat'>.</span> 
     </span>
    </p>
   </div>
   <div class='ocr_carea' id='block_1_8' title="bbox 237 1597 1524 3598">
    <p class='ocr_par' dir='ltr' id='par_1_8' title="bbox 294 1597 1524 2002">
     <span class='ocr_line' id='line_1_11' title="bbox 296 1597 1523 1683; baseline 0.002 -21"><span class='ocrx_word' id='word_1_83' title='bbox 296 1597 500 1681; x_wconf 89' lang='lat' dir='ltr'>sperandum.</span> <span class='ocrx_word' id='word_1_84' title='bbox 539 1605 710 1682; x_wconf 90' lang='lat' dir='ltr'>praeterea</span> <span class='ocrx_word' id='word_1_85' title='bbox 734 1619 808 1664; x_wconf 92' lang='lat' dir='ltr'>num</span> <span class='ocrx_word' id='word_1_86' title='bbox 832 1599 938 1683; x_wconf 88' lang='lat' dir='ltr'>ipsum</span> <span class='ocrx_word' id='word_1_87' title='bbox 955 1598 1083 1683; x_wconf 82' lang='lat' dir='ltr'>Cyriaci</span> <span class='ocrx_word' id='word_1_88' title='bbox 1105 1599 1201 1666; x_wconf 90' lang='lat' dir='ltr'>huius</span> <span class='ocrx_word' id='word_1_89' title='bbox 1225 1599 1523 1665; x_wconf 87' lang='lat' dir='ltr'>commentariorum</span> 
     </span>
     <span class='ocr_line' id='line_1_12' title="bbox 295 1704 1523 1792; baseline 0.002 -24"><span class='ocrx_word' id='word_1_90' title='bbox 295 1704 475 1788; x_wconf 88' lang='lat' dir='ltr'>particulae</span> <span class='ocrx_word' id='word_1_91' title='bbox 490 1704 715 1789; x_wconf 87' lang='lat' dir='ltr'>autographon</span> <span class='ocrx_word' id='word_1_92' title='bbox 738 1704 904 1788; x_wconf 90' lang='lat' dir='ltr'>hucusque</span> <span class='ocrx_word' id='word_1_93' title='bbox 927 1704 1046 1792; x_wconf 90' lang='lat' dir='ltr'>alicubi</span> <span class='ocrx_word' id='word_1_94' title='bbox 1060 1706 1171 1789; x_wconf 89' lang='lat' dir='ltr'>lateat,</span> <span class='ocrx_word' id='word_1_95' title='bbox 1193 1727 1270 1771; x_wconf 92' lang='lat' dir='ltr'>num</span> <span class='ocrx_word' id='word_1_96' title='bbox 1292 1707 1429 1771; x_wconf 89' lang='lat' dir='ltr'>alterum</span> <span class='ocrx_word' id='word_1_97' title='bbox 1453 1705 1523 1772; x_wconf 88' lang='lat' dir='ltr'>cius</span> 
     </span>
     <span class='ocr_line' id='line_1_13' title="bbox 296 1811 1524 1897; baseline 0.002 -23"><span class='ocrx_word' id='word_1_98' title='bbox 296 1811 509 1894; x_wconf 89' lang='lat' dir='ltr'>apographon</span> <span class='ocrx_word' id='word_1_99' title='bbox 524 1812 566 1877; x_wconf 90' lang='lat' dir='ltr'>sit</span> <span class='ocrx_word' id='word_1_100' title='bbox 581 1818 752 1895; x_wconf 89' lang='lat' dir='ltr'>seruatum,</span> <span class='ocrx_word' id='word_1_101' title='bbox 769 1831 808 1876; x_wconf 98' lang='lat' dir='ltr'>ex</span> <span class='ocrx_word' id='word_1_102' title='bbox 824 1832 863 1877; x_wconf 91' lang='lat' dir='ltr'>ea</span> <span class='ocrx_word' id='word_1_103' title='bbox 878 1832 975 1894; x_wconf 92' lang='lat' dir='ltr'>quam</span> <span class='ocrx_word' id='word_1_104' title='bbox 989 1813 1013 1879; x_wconf 95' lang='lat' dir='ltr'>l.</span> <span class='ocrx_word' id='word_1_105' title='bbox 1025 1813 1061 1880; x_wconf 92' lang='lat' dir='ltr'>B.</span> <span class='ocrx_word' id='word_1_106' title='bbox 1077 1812 1214 1878; x_wconf 77' lang='lat' dir='ltr'>Roscius</span> <span class='ocrx_word' id='word_1_107' title='bbox 1228 1820 1326 1897; x_wconf 89' lang='lat' dir='ltr'>parat</span> <span class='ocrx_word' id='word_1_108' title='bbox 1341 1811 1524 1896; x_wconf 66' lang='lat' dir='ltr'>editionel),</span> 
     </span>
     <span class='ocr_line' id='line_1_14' title="bbox 294 1918 601 2002; baseline -0.007 -21"><span class='ocrx_word' id='word_1_109' title='bbox 294 1936 400 2001; x_wconf 90' lang='lat' dir='ltr'>spero,</span> <span class='ocrx_word' id='word_1_110' title='bbox 423 1918 601 2002; x_wconf 85' lang='lat' dir='ltr'>apparebit.</span> 
     </span>
    </p>

    <p class='ocr_par' dir='ltr' id='par_1_9' title="bbox 294 2023 1524 2729">
     <span class='ocr_line' id='line_1_15' title="bbox 386 2023 1524 2109; baseline 0.002 -22"><span class='ocrx_word' id='word_1_111' title='bbox 386 2023 536 2107; x_wconf 91' lang='lat' dir='ltr'>Denique</span> <span class='ocrx_word' id='word_1_112' title='bbox 560 2023 731 2108; x_wconf 90' lang='lat' dir='ltr'>Oliucrius,</span> <span class='ocrx_word' id='word_1_113' title='bbox 762 2046 957 2109; x_wconf 89' lang='lat' dir='ltr'>quamquam</span> <span class='ocrx_word' id='word_1_114' title='bbox 979 2027 1082 2091; x_wconf 90' lang='lat' dir='ltr'>bonus</span> <span class='ocrx_word' id='word_1_115' title='bbox 1105 2025 1160 2091; x_wconf 92' lang='lat' dir='ltr'>ille</span> <span class='ocrx_word' id='word_1_116' title='bbox 1183 2026 1389 2092; x_wconf 89' lang='lat' dir='ltr'>Pisaurensis</span> <span class='ocrx_word' id='word_1_117' title='bbox 1411 2025 1524 2090; x_wconf 88' lang='lat' dir='ltr'>Piceni</span> 
     </span>
     <span class='ocr_line' id='line_1_16' title="bbox 297 2131 1524 2217; baseline 0.002 -24"><span class='ocrx_word' id='word_1_118' title='bbox 297 2149 400 2214; x_wconf 89' lang='lat' dir='ltr'>prope</span> <span class='ocrx_word' id='word_1_119' title='bbox 414 2131 586 2196; x_wconf 85' lang='lat' dir='ltr'>Pisaurum</span> <span class='ocrx_word' id='word_1_120' title='bbox 609 2131 692 2198; x_wconf 89' lang='lat' dir='ltr'>sitae</span> <span class='ocrx_word' id='word_1_121' title='bbox 706 2131 895 2216; x_wconf 90' lang='lat' dir='ltr'>prouinciae</span> <span class='ocrx_word' id='word_1_122' title='bbox 919 2132 1015 2198; x_wconf 86' lang='lat' dir='ltr'>facile</span> <span class='ocrx_word' id='word_1_123' title='bbox 1030 2140 1115 2198; x_wconf 89' lang='lat' dir='ltr'>certe</span> <span class='ocrx_word' id='word_1_124' title='bbox 1138 2132 1244 2217; x_wconf 92' lang='lat' dir='ltr'>potuit</span> <span class='ocrx_word' id='word_1_125' title='bbox 1266 2131 1524 2217; x_wconf 86' lang='lat' dir='ltr'>‘topographiam</span> 
     </span>
     <span class='ocr_line' id='line_1_17' title="bbox 295 2236 1523 2323; baseline 0.003 -24"><span class='ocrx_word' id='word_1_126' title='bbox 295 2236 402 2318; x_wconf 90' lang='lat' dir='ltr'>magis</span> <span class='ocrx_word' id='word_1_127' title='bbox 435 2236 622 2322; x_wconf 89' lang='lat' dir='ltr'>explorarc&#39;,</span> <span class='ocrx_word' id='word_1_128' title='bbox 655 2259 851 2322; x_wconf 88' lang='lat' dir='ltr'>quamquam</span> <span class='ocrx_word' id='word_1_129' title='bbox 883 2238 997 2305; x_wconf 91' lang='lat' dir='ltr'>similis</span> <span class='ocrx_word' id='word_1_130' title='bbox 1025 2245 1060 2304; x_wconf 91' lang='lat' dir='ltr'>ut</span> <span class='ocrx_word' id='word_1_131' title='bbox 1087 2239 1134 2304; x_wconf 92' lang='lat' dir='ltr'>ita</span> <span class='ocrx_word' id='word_1_132' title='bbox 1167 2238 1274 2304; x_wconf 91' lang='lat' dir='ltr'>dicam</span> <span class='ocrx_word' id='word_1_133' title='bbox 1306 2238 1523 2323; x_wconf 88' lang='lat' dir='ltr'>simplicitatis</span> 
     </span>
     <span class='ocr_line' id='line_1_18' title="bbox 295 2339 1522 2431; baseline 0.001 -24"><span class='ocrx_word' id='word_1_134' title='bbox 295 2339 428 2428; x_wconf 91' lang='lat' dir='ltr'>saepius</span> <span class='ocrx_word' id='word_1_135' title='bbox 458 2344 491 2409; x_wconf 94' lang='lat' dir='ltr'>in</span> <span class='ocrx_word' id='word_1_136' title='bbox 515 2345 585 2410; x_wconf 90' lang='lat' dir='ltr'>eius</span> <span class='ocrx_word' id='word_1_137' title='bbox 612 2345 698 2411; x_wconf 91' lang='lat' dir='ltr'>notis</span> <span class='ocrx_word' id='word_1_138' title='bbox 726 2353 895 2411; x_wconf 90' lang='lat' dir='ltr'>occurrunt</span> <span class='ocrx_word' id='word_1_139' title='bbox 923 2347 1084 2431; x_wconf 89' lang='lat' dir='ltr'>exempla,</span> <span class='ocrx_word' id='word_1_140' title='bbox 1112 2356 1220 2411; x_wconf 90' lang='lat' dir='ltr'>tamen</span> <span class='ocrx_word' id='word_1_141' title='bbox 1244 2346 1350 2431; x_wconf 91' lang='lat' dir='ltr'>ipsum</span> <span class='ocrx_word' id='word_1_142' title='bbox 1378 2344 1522 2411; x_wconf 89' lang='lat' dir='ltr'>codicem</span> 
     </span>
     <span class='ocr_line' id='line_1_19' title="bbox 294 2434 1524 2536; baseline -0.002 -17"><span class='ocrx_word' id='word_1_143' title='bbox 294 2434 425 2519; x_wconf 80' lang='lat' dir='ltr'>uidetur</span> <span class='ocrx_word' id='word_1_144' title='bbox 456 2449 704 2534; x_wconf 87' lang='lat' dir='ltr'>diligentissime</span> <span class='ocrx_word' id='word_1_145' title='bbox 737 2453 939 2536; x_wconf 85' lang='lat' dir='ltr'>expressisse</span> <span class='ocrx_word' id='word_1_146' title='bbox 970 2473 1074 2536; x_wconf 90' lang='lat' dir='ltr'>neque</span> <span class='ocrx_word' id='word_1_147' title='bbox 1107 2452 1283 2536; x_wconf 91' lang='lat' dir='ltr'>quidquam</span> <span class='ocrx_word' id='word_1_148' title='bbox 1314 2460 1458 2518; x_wconf 90' lang='lat' dir='ltr'>mutasse</span> <span class='ocrx_word' id='word_1_149' title='bbox 1491 2458 1524 2517; x_wconf 90' lang='lat' dir='ltr'>et</span> 
     </span>
     <span class='ocr_line' id='line_1_20' title="bbox 296 2556 1523 2642; baseline 0.003 -22"><span class='ocrx_word' id='word_1_150' title='bbox 296 2556 492 2642; x_wconf 89' lang='lat' dir='ltr'>typographi</span> <span class='ocrx_word' id='word_1_151' title='bbox 528 2558 645 2623; x_wconf 90' lang='lat' dir='ltr'>menda</span> <span class='ocrx_word' id='word_1_152' title='bbox 681 2558 781 2623; x_wconf 92' lang='lat' dir='ltr'>multo</span> <span class='ocrx_word' id='word_1_153' title='bbox 820 2559 1003 2624; x_wconf 88' lang='lat' dir='ltr'>accuratius</span> <span class='ocrx_word' id='word_1_154' title='bbox 1039 2558 1074 2625; x_wconf 94' lang='lat' dir='ltr'>in</span> <span class='ocrx_word' id='word_1_155' title='bbox 1111 2566 1202 2624; x_wconf 92' lang='lat' dir='ltr'>textu</span> <span class='ocrx_word' id='word_1_156' title='bbox 1239 2578 1336 2641; x_wconf 87' lang='lat' dir='ltr'>quam</span> <span class='ocrx_word' id='word_1_157' title='bbox 1372 2559 1406 2623; x_wconf 94' lang='lat' dir='ltr'>in</span> <span class='ocrx_word' id='word_1_158' title='bbox 1437 2559 1523 2624; x_wconf 91' lang='lat' dir='ltr'>notis</span> 
     </span>
     <span class='ocr_line' id='line_1_21' title="bbox 297 2663 498 2729; baseline 0.005 -1"><span class='ocrx_word' id='word_1_159' title='bbox 297 2663 498 2729; x_wconf 89' lang='lat' dir='ltr'>emendasse.</span> 
     </span>
    </p>

    <p class='ocr_par' dir='ltr' id='par_1_10' title="bbox 237 2769 1523 3598">
     <span class='ocr_line' id='line_1_22' title="bbox 387 2769 1523 2856; baseline 0.002 -21"><span class='ocrx_word' id='word_1_160' title='bbox 387 2770 441 2835; x_wconf 88' lang='lat' dir='ltr'>Sic</span> <span class='ocrx_word' id='word_1_161' title='bbox 463 2771 651 2836; x_wconf 88' lang='lat' dir='ltr'>memoriam</span> <span class='ocrx_word' id='word_1_162' title='bbox 679 2791 788 2837; x_wconf 90' lang='lat' dir='ltr'>eorum</span> <span class='ocrx_word' id='word_1_163' title='bbox 817 2791 901 2854; x_wconf 94' lang='lat' dir='ltr'>quae</span> <span class='ocrx_word' id='word_1_164' title='bbox 925 2771 1081 2856; x_wconf 79' lang='lat' dir='ltr'>Cyriacus</span> <span class='ocrx_word' id='word_1_165' title='bbox 1110 2771 1240 2856; x_wconf 88' lang='lat' dir='ltr'>scripsit</span> <span class='ocrx_word' id='word_1_166' title='bbox 1268 2772 1428 2854; x_wconf 90' lang='lat' dir='ltr'>integram</span> <span class='ocrx_word' id='word_1_167' title='bbox 1455 2769 1523 2837; x_wconf 82' lang='lat' dir='ltr'>fere</span> 
     </span>
     <span class='ocr_line' id='line_1_23' title="bbox 299 2876 1523 2962; baseline 0 -20"><span class='ocrx_word' id='word_1_168' title='bbox 299 2876 386 2962; x_wconf 90' lang='lat' dir='ltr'>apud</span> <span class='ocrx_word' id='word_1_169' title='bbox 416 2876 608 2943; x_wconf 90' lang='lat' dir='ltr'>Oliucrium.</span> <span class='ocrx_word' id='word_1_170' title='bbox 627 2886 791 2944; x_wconf 87' lang='lat' dir='ltr'>seruatam</span> <span class='ocrx_word' id='word_1_171' title='bbox 820 2886 893 2944; x_wconf 85' lang='lat' dir='ltr'>esse</span> <span class='ocrx_word' id='word_1_172' title='bbox 926 2884 1067 2943; x_wconf 88' lang='lat' dir='ltr'>statuere</span> <span class='ocrx_word' id='word_1_173' title='bbox 1098 2877 1184 2946; x_wconf 91' lang='lat' dir='ltr'>licet.</span> <span class='ocrx_word' id='word_1_174' title='bbox 1235 2897 1319 2961; x_wconf 88' lang='lat' dir='ltr'>quae</span> <span class='ocrx_word' id='word_1_175' title='bbox 1350 2898 1427 2943; x_wconf 90' lang='lat' dir='ltr'>uero</span> <span class='ocrx_word' id='word_1_176' title='bbox 1458 2877 1523 2962; x_wconf 91' lang='lat' dir='ltr'>ipsi</span> 
     </span>
     <span class='ocr_line' id='line_1_24' title="bbox 299 2969 1523 3069; baseline 0.002 -21"><span class='ocrx_word' id='word_1_177' title='bbox 299 2984 437 3068; x_wconf 80' lang='lat' dir='ltr'>Cyriaco</span> <span class='ocrx_word' id='word_1_178' title='bbox 466 2984 549 3050; x_wconf 88' lang='lat' dir='ltr'>fides</span> <span class='ocrx_word' id='word_1_179' title='bbox 572 2983 723 3049; x_wconf 92' lang='lat' dir='ltr'>habenda</span> <span class='ocrx_word' id='word_1_180' title='bbox 748 2985 798 3069; x_wconf 93' lang='lat' dir='ltr'>sit,</span> <span class='ocrx_word' id='word_1_181' title='bbox 827 3005 867 3050; x_wconf 92' lang='lat' dir='ltr'>ex</span> <span class='ocrx_word' id='word_1_182' title='bbox 891 3004 931 3050; x_wconf 91' lang='lat' dir='ltr'>ea</span> <span class='ocrx_word' id='word_1_183' title='bbox 955 3005 1018 3068; x_wconf 90' lang='lat' dir='ltr'>qua</span> <span class='ocrx_word' id='word_1_184' title='bbox 1045 2985 1078 3049; x_wconf 91' lang='lat' dir='ltr'>in</span> <span class='ocrx_word' id='word_1_185' title='bbox 1107 2969 1328 3051; x_wconf 85' lang='lat' dir='ltr'>describendis</span> <span class='ocrx_word' id='word_1_186' title='bbox 1355 2985 1421 3051; x_wconf 92' lang='lat' dir='ltr'>illis</span> <span class='ocrx_word' id='word_1_187' title='bbox 1443 2985 1523 3051; x_wconf 88' lang='lat' dir='ltr'>Uer-</span> 
     </span>
     <span class='ocr_line' id='line_1_25' title="bbox 298 3079 1523 3173; baseline 0 -17"><span class='ocrx_word' id='word_1_188' title='bbox 298 3090 492 3157; x_wconf 90' lang='lat' dir='ltr'>cellensibus</span> <span class='ocrx_word' id='word_1_189' title='bbox 516 3079 706 3172; x_wconf 83' lang='lat' dir='ltr'>fragmentis</span> <span class='ocrx_word' id='word_1_190' title='bbox 729 3110 808 3156; x_wconf 89' lang='lat' dir='ltr'>usus</span> <span class='ocrx_word' id='word_1_191' title='bbox 834 3097 884 3156; x_wconf 88' lang='lat' dir='ltr'>est</span> <span class='ocrx_word' id='word_1_192' title='bbox 906 3092 1032 3156; x_wconf 93' lang='lat' dir='ltr'>ratione</span> <span class='ocrx_word' id='word_1_193' title='bbox 1055 3090 1270 3173; x_wconf 90' lang='lat' dir='ltr'>intellegetur.</span> <span class='ocrx_word' id='word_1_194' title='bbox 1309 3090 1368 3156; x_wconf 91' lang='lat' dir='ltr'>sed</span> <span class='ocrx_word' id='word_1_195' title='bbox 1391 3091 1456 3155; x_wconf 91' lang='lat' dir='ltr'>iam</span> <span class='ocrx_word' id='word_1_196' title='bbox 1470 3091 1523 3157; x_wconf 91' lang='lat' dir='ltr'>hic</span> 
     </span>
     <span class='ocr_line' id='line_1_26' title="bbox 296 3195 1523 3282; baseline 0.001 -20"><span class='ocrx_word' id='word_1_197' title='bbox 296 3196 425 3263; x_wconf 89' lang='lat' dir='ltr'>uidetur</span> <span class='ocrx_word' id='word_1_198' title='bbox 439 3195 692 3282; x_wconf 90' lang='lat' dir='ltr'>proponendum,</span> <span class='ocrx_word' id='word_1_199' title='bbox 706 3197 768 3262; x_wconf 89' lang='lat' dir='ltr'>hoc</span> <span class='ocrx_word' id='word_1_200' title='bbox 783 3196 905 3263; x_wconf 86' lang='lat' dir='ltr'>codicis</span> <span class='ocrx_word' id='word_1_201' title='bbox 920 3196 1132 3281; x_wconf 88' lang='lat' dir='ltr'>manuscripti</span> <span class='ocrx_word' id='word_1_202' title='bbox 1146 3195 1282 3262; x_wconf 87' lang='lat' dir='ltr'>frustulo</span> <span class='ocrx_word' id='word_1_203' title='bbox 1293 3198 1334 3262; x_wconf 91' lang='lat' dir='ltr'>ab</span> <span class='ocrx_word' id='word_1_204' title='bbox 1345 3217 1382 3262; x_wconf 90' lang='lat' dir='ltr'>ec</span> <span class='ocrx_word' id='word_1_205' title='bbox 1394 3204 1523 3263; x_wconf 88' lang='lat' dir='ltr'>seruato</span> 
     </span>
     <span class='ocr_line' id='line_1_27' title="bbox 298 3302 1523 3387; baseline 0 -17"><span class='ocrx_word' id='word_1_206' title='bbox 298 3304 430 3387; x_wconf 86' lang='lat' dir='ltr'>egregie</span> <span class='ocrx_word' id='word_1_207' title='bbox 454 3303 635 3369; x_wconf 88' lang='lat' dir='ltr'>confirmari</span> <span class='ocrx_word' id='word_1_208' title='bbox 657 3302 782 3387; x_wconf 91' lang='lat' dir='ltr'>laudes,</span> <span class='ocrx_word' id='word_1_209' title='bbox 806 3302 922 3386; x_wconf 91' lang='lat' dir='ltr'>quibus</span> <span class='ocrx_word' id='word_1_210' title='bbox 941 3303 1158 3369; x_wconf 88' lang='lat' dir='ltr'>Mommsenus</span> <span class='ocrx_word' id='word_1_211' title='bbox 1181 3303 1373 3387; x_wconf 90' lang='lat' dir='ltr'>probitatem</span> <span class='ocrx_word' id='word_1_212' title='bbox 1397 3305 1466 3370; x_wconf 90' lang='lat' dir='ltr'>eius</span> <span class='ocrx_word' id='word_1_213' title='bbox 1490 3312 1523 3370; x_wconf 92' lang='lat' dir='ltr'>et</span> 
     </span>
     <span class='ocr_line' id='line_1_28' title="bbox 237 3408 1523 3494; baseline 0 -19"><span class='ocrx_word' id='word_1_214' title='bbox 237 3456 239 3459; x_wconf 88' lang='lat'><em>-</em></span> <span class='ocrx_word' id='word_1_215' title='bbox 294 3410 394 3476; x_wconf 87' lang='lat' dir='ltr'>fidem</span> <span class='ocrx_word' id='word_1_216' title='bbox 425 3418 456 3476; x_wconf 92' lang='lat' dir='ltr'>et</span> <span class='ocrx_word' id='word_1_217' title='bbox 490 3410 693 3493; x_wconf 91' lang='lat' dir='ltr'>diligentiam</span> <span class='ocrx_word' id='word_1_218' title='bbox 718 3411 752 3475; x_wconf 92' lang='lat' dir='ltr'>in</span> <span class='ocrx_word' id='word_1_219' title='bbox 779 3409 882 3475; x_wconf 90' lang='lat' dir='ltr'>titulis</span> <span class='ocrx_word' id='word_1_220' title='bbox 915 3408 1116 3492; x_wconf 90' lang='lat' dir='ltr'>conligendis</span> <span class='ocrx_word' id='word_1_221' title='bbox 1145 3416 1176 3475; x_wconf 89' lang='lat' dir='ltr'>et</span> <span class='ocrx_word' id='word_1_222' title='bbox 1202 3410 1440 3494; x_wconf 88' lang='lat' dir='ltr'>perscribendis</span> <span class='ocrx_word' id='word_1_223' title='bbox 1469 3431 1523 3477; x_wconf 89' lang='lat' dir='ltr'>ex·</span> 
     </span>
     <span class='ocr_line' id='line_1_29' title="bbox 292 3518 417 3598; baseline 0.024 -15"><span class='ocrx_word' id='word_1_224' title='bbox 292 3518 417 3598; x_wconf 62' lang='lat' dir='ltr'>tollitl).</span> 
     </span>
    </p>
   </div>
   <div class='ocr_carea' id='block_1_9' title="bbox 264 3729 1582 4782">
    <p class='ocr_par' dir='ltr' id='par_1_11' title="bbox 264 3729 1582 4070">
     <span class='ocr_line' id='line_1_30' title="bbox 297 3729 1522 3800; baseline 0 -13"><span class='ocrx_word' id='word_1_225' title='bbox 297 3732 447 3787; x_wconf 88' lang='lat' dir='ltr'>Laurentio</span> <span class='ocrx_word' id='word_1_226' title='bbox 474 3731 571 3786; x_wconf 88' lang='lat' dir='ltr'>Mehus</span> <span class='ocrx_word' id='word_1_227' title='bbox 595 3729 717 3798; x_wconf 82' lang='lat' dir='ltr'>(Kyriaci</span> <span class='ocrx_word' id='word_1_228' title='bbox 740 3731 806 3784; x_wconf 81' lang='lat' dir='ltr'>Aac.</span> <span class='ocrx_word' id='word_1_229' title='bbox 831 3729 1008 3784; x_wconf 84' lang='lat' dir='ltr'>itinerarium</span> <span class='ocrx_word' id='word_1_230' title='bbox 1030 3731 1151 3785; x_wconf 79' lang='lat' dir='ltr'>Floreat.</span> <span class='ocrx_word' id='word_1_231' title='bbox 1176 3732 1246 3785; x_wconf 78' lang='lat'>1742</span> <span class='ocrx_word' id='word_1_232' title='bbox 1268 3749 1295 3800; x_wconf 91' lang='lat' dir='ltr'>p.</span> <span class='ocrx_word' id='word_1_233' title='bbox 1313 3731 1376 3786; x_wconf 86' lang='lat' dir='ltr'>LIII</span> <span class='ocrx_word' id='word_1_234' title='bbox 1394 3732 1447 3800; x_wconf 83' lang='lat' dir='ltr'>sq.)</span> <span class='ocrx_word' id='word_1_235' title='bbox 1478 3750 1522 3787; x_wconf 89' lang='lat' dir='ltr'>ex-</span> 
     </span>
     <span class='ocr_line' id='line_1_31' title="bbox 264 3819 1523 3891; baseline 0.002 -17"><span class='ocrx_word' id='word_1_236' title='bbox 264 3825 265 3828; x_wconf 75' lang='grc'>’</span> <span class='ocrx_word' id='word_1_237' title='bbox 295 3839 428 3891; x_wconf 86' lang='lat' dir='ltr'>pressum,</span> <span class='ocrx_word' id='word_1_238' title='bbox 452 3837 506 3888; x_wconf 90' lang='lat' dir='ltr'>quo</span> <span class='ocrx_word' id='word_1_239' title='bbox 523 3819 653 3874; x_wconf 85' lang='lat' dir='ltr'>Mercurii</span> <span class='ocrx_word' id='word_1_240' title='bbox 676 3819 799 3889; x_wconf 87' lang='lat' dir='ltr'>imagine</span> <span class='ocrx_word' id='word_1_241' title='bbox 823 3819 860 3885; x_wconf 91' lang='lat' dir='ltr'>(n.</span> <span class='ocrx_word' id='word_1_242' title='bbox 880 3819 974 3888; x_wconf 74' lang='lat' dir='ltr'>voigi,</span> <span class='ocrx_word' id='word_1_243' title='bbox 993 3819 1244 3890; x_wconf 86' lang='lat' dir='ltr'>Wiederbelebung</span> <span class='ocrx_word' id='word_1_244' title='bbox 1266 3821 1312 3874; x_wconf 88' lang='lat' dir='ltr'>des</span> <span class='ocrx_word' id='word_1_245' title='bbox 1335 3821 1413 3875; x_wconf 86' lang='lat' dir='ltr'>class.</span> <span class='ocrx_word' id='word_1_246' title='bbox 1431 3822 1489 3876; x_wconf 86' lang='lat' dir='ltr'>Alt.</span> <span class='ocrx_word' id='word_1_247' title='bbox 1508 3823 1523 3876; x_wconf 96' lang='lat' dir='ltr'>I</span> 
     </span>
     <span class='ocr_line' id='line_1_32' title="bbox 295 3900 1582 3980; baseline 0.001 -16"><span class='ocrx_word' id='word_1_248' title='bbox 295 3930 322 3980; x_wconf 88' lang='lat' dir='ltr'>p.</span> <span class='ocrx_word' id='word_1_249' title='bbox 342 3910 395 3964; x_wconf 82' lang='lat'>286</span> <span class='ocrx_word' id='word_1_250' title='bbox 414 3909 473 3977; x_wconf 89' lang='lat' dir='ltr'>sq.)‚</span> <span class='ocrx_word' id='word_1_251' title='bbox 502 3925 586 3977; x_wconf 87' lang='lat' dir='ltr'>quam</span> <span class='ocrx_word' id='word_1_252' title='bbox 610 3909 729 3978; x_wconf 86' lang='lat' dir='ltr'>‘propria</span> <span class='ocrx_word' id='word_1_253' title='bbox 755 3907 885 3978; x_wconf 83' lang='lat' dir='ltr'>pinxerat</span> <span class='ocrx_word' id='word_1_254' title='bbox 911 3908 960 3962; x_wconf 90' lang='lat' dir='ltr'>ille</span> <span class='ocrx_word' id='word_1_255' title='bbox 987 3908 1090 3974; x_wconf 88' lang='lat' dir='ltr'>manu&#39;,</span> <span class='ocrx_word' id='word_1_256' title='bbox 1119 3909 1264 3977; x_wconf 85' lang='lat' dir='ltr'>antiquam</span> <span class='ocrx_word' id='word_1_257' title='bbox 1288 3912 1376 3964; x_wconf 83' lang='lat' dir='ltr'>artem</span> <span class='ocrx_word' id='word_1_258' title='bbox 1398 3910 1523 3980; x_wconf 87' lang='lat' dir='ltr'>superari</span> <span class='ocrx_word' id='word_1_259' title='bbox 1580 3900 1582 3904; x_wconf 58' lang='grc'><strong>’</strong></span> 
     </span>
     <span class='ocr_line' id='line_1_33' title="bbox 293 3999 478 4070; baseline -0.022 -15"><span class='ocrx_word' id='word_1_260' title='bbox 293 3999 478 4070; x_wconf 86' lang='lat' dir='ltr'>praedicatur.</span> 
     </span>
    </p>

    <p class='ocr_par' dir='ltr' id='par_1_12' title="bbox 294 4086 1523 4245">
     <span class='ocr_line' id='line_1_34' title="bbox 387 4086 1523 4156; baseline 0.002 -16"><span class='ocrx_word' id='word_1_261' title='bbox 387 4087 409 4155; x_wconf 76' lang='lat'>⁴)</span> <span class='ocrx_word' id='word_1_262' title='bbox 427 4087 564 4156; x_wconf 80' lang='lat' dir='ltr'>Excerpta</span> <span class='ocrx_word' id='word_1_263' title='bbox 581 4086 702 4142; x_wconf 84' lang='lat' dir='ltr'>Suaresii</span> <span class='ocrx_word' id='word_1_264' title='bbox 725 4103 759 4141; x_wconf 89' lang='lat' dir='ltr'>ex</span> <span class='ocrx_word' id='word_1_265' title='bbox 776 4103 808 4140; x_wconf 91' lang='grc' dir='ltr'><strong>6ο</strong></span> <span class='ocrx_word' id='word_1_266' title='bbox 827 4091 938 4155; x_wconf 88' lang='lat' dir='ltr'>sumpta</span> <span class='ocrx_word' id='word_1_267' title='bbox 956 4087 999 4154; x_wconf 73' lang='lat' dir='ltr'>(in</span> <span class='ocrx_word' id='word_1_268' title='bbox 1018 4087 1074 4142; x_wconf 89' lang='lat' dir='ltr'>cod.</span> <span class='ocrx_word' id='word_1_269' title='bbox 1094 4088 1214 4156; x_wconf 85' lang='lat' dir='ltr'>quodam</span> <span class='ocrx_word' id='word_1_270' title='bbox 1231 4086 1307 4155; x_wconf 85' lang='lat' dir='ltr'>Uat.)</span> <span class='ocrx_word' id='word_1_271' title='bbox 1326 4091 1523 4143; x_wconf 84' lang='lat' dir='ltr'>commemorat</span> 
     </span>
     <span class='ocr_line' id='line_1_35' title="bbox 294 4175 875 4245; baseline -0.007 -11"><span class='ocrx_word' id='word_1_272' title='bbox 294 4180 448 4234; x_wconf 87' lang='lat' dir='ltr'>Mommsen</span> <span class='ocrx_word' id='word_1_273' title='bbox 466 4176 484 4229; x_wconf 92' lang='lat' dir='ltr'>l.</span> <span class='ocrx_word' id='word_1_274' title='bbox 503 4193 535 4241; x_wconf 89' lang='grc'><strong>6.,</strong></span> <span class='ocrx_word' id='word_1_275' title='bbox 554 4176 588 4230; x_wconf 87' lang='lat' dir='ltr'>cf.</span> <span class='ocrx_word' id='word_1_276' title='bbox 609 4175 681 4230; x_wconf 92' lang='lat' dir='ltr'>Olin.</span> <span class='ocrx_word' id='word_1_277' title='bbox 699 4175 785 4244; x_wconf 83' lang='lat' dir='ltr'>praef.</span> <span class='ocrx_word' id='word_1_278' title='bbox 803 4192 830 4245; x_wconf 91' lang='lat' dir='ltr'>p.</span> <span class='ocrx_word' id='word_1_279' title='bbox 851 4177 875 4230; x_wconf 89' lang='grc'>8.</span> 
     </span>
    </p>

    <p class='ocr_par' dir='ltr' id='par_1_13' title="bbox 387 4263 831 4334">
     <span class='ocr_line' id='line_1_36' title="bbox 387 4263 831 4334; baseline -0.002 -15"><span class='ocrx_word' id='word_1_280' title='bbox 387 4263 739 4334; x_wconf 61' lang='grc' dir='ltr'>ὓ1161311616271</span> <span class='ocrx_word' id='word_1_281' title='bbox 760 4284 788 4318; x_wconf 91' lang='lat' dir='ltr'>n.</span> <span class='ocrx_word' id='word_1_282' title='bbox 808 4268 831 4318; x_wconf 96' lang='lat'>1.</span> 
     </span>
    </p>

    <p class='ocr_par' dir='ltr' id='par_1_14' title="bbox 294 4353 1524 4782">
     <span class='ocr_line' id='line_1_37' title="bbox 387 4353 1521 4425; baseline 0.002 -17"><span class='ocrx_word' id='word_1_283' title='bbox 387 4353 409 4423; x_wconf 79' lang='lat'>⁶)</span> <span class='ocrx_word' id='word_1_284' title='bbox 429 4355 470 4408; x_wconf 84' lang='lat' dir='ltr'>‘ln</span> <span class='ocrx_word' id='word_1_285' title='bbox 484 4354 658 4424; x_wconf 85' lang='lat' dir='ltr'>conparando</span> <span class='ocrx_word' id='word_1_286' title='bbox 675 4355 810 4409; x_wconf 88' lang='lat' dir='ltr'>bonarum</span> <span class='ocrx_word' id='word_1_287' title='bbox 823 4355 980 4410; x_wconf 86' lang='lat' dir='ltr'>litterarum</span> <span class='ocrx_word' id='word_1_288' title='bbox 998 4355 1182 4411; x_wconf 83' lang='lat' dir='ltr'>instrumento</span> <span class='ocrx_word' id='word_1_289' title='bbox 1201 4353 1261 4409; x_wconf 87' lang='lat' dir='ltr'>tam</span> <span class='ocrx_word' id='word_1_290' title='bbox 1274 4372 1396 4424; x_wconf 86' lang='lat' dir='ltr'>gnauam</span> <span class='ocrx_word' id='word_1_291' title='bbox 1410 4372 1521 4425; x_wconf 90' lang='lat' dir='ltr'>operam</span> 
     </span>
     <span class='ocr_line' id='line_1_38' title="bbox 294 4444 1524 4516; baseline -0.001 -14"><span class='ocrx_word' id='word_1_292' title='bbox 294 4445 450 4510; x_wconf 83' lang='lat' dir='ltr'>collocabit,</span> <span class='ocrx_word' id='word_1_293' title='bbox 474 4448 534 4499; x_wconf 84' lang='lat' dir='ltr'>tam</span> <span class='ocrx_word' id='word_1_294' title='bbox 556 4444 656 4499; x_wconf 88' lang='lat' dir='ltr'>intimo</span> <span class='ocrx_word' id='word_1_295' title='bbox 678 4444 758 4498; x_wconf 84' lang='lat' dir='ltr'>corde</span> <span class='ocrx_word' id='word_1_296' title='bbox 782 4444 981 4512; x_wconf 86' lang='lat' dir='ltr'>antiquitatem</span> <span class='ocrx_word' id='word_1_297' title='bbox 1004 4444 1103 4500; x_wconf 84' lang='lat' dir='ltr'>dilexit</span> <span class='ocrx_word' id='word_1_298' title='bbox 1120 4449 1150 4500; x_wconf 89' lang='grc'>61</span> <span class='ocrx_word' id='word_1_299' title='bbox 1172 4444 1303 4514; x_wconf 83' lang='lat' dir='ltr'>suspexit,</span> <span class='ocrx_word' id='word_1_300' title='bbox 1326 4448 1386 4499; x_wconf 88' lang='lat' dir='ltr'>tam</span> <span class='ocrx_word' id='word_1_301' title='bbox 1409 4445 1524 4516; x_wconf 83' lang='lat' dir='ltr'>egregia</span> 
     </span>
     <span class='ocr_line' id='line_1_39' title="bbox 295 4533 1521 4604; baseline -0.002 -14"><span class='ocrx_word' id='word_1_302' title='bbox 295 4538 350 4590; x_wconf 89' lang='lat' dir='ltr'>fide</span> <span class='ocrx_word' id='word_1_303' title='bbox 373 4551 445 4603; x_wconf 86' lang='lat' dir='ltr'>qnae</span> <span class='ocrx_word' id='word_1_304' title='bbox 467 4533 583 4588; x_wconf 83' lang='lat' dir='ltr'>uidisset</span> <span class='ocrx_word' id='word_1_305' title='bbox 604 4533 723 4597; x_wconf 88' lang='lat' dir='ltr'>rettulit,</span> <span class='ocrx_word' id='word_1_306' title='bbox 747 4536 780 4587; x_wconf 89' lang='lat' dir='ltr'>nt</span> <span class='ocrx_word' id='word_1_307' title='bbox 802 4534 878 4587; x_wconf 90' lang='lat' dir='ltr'>haud</span> <span class='ocrx_word' id='word_1_308' title='bbox 896 4533 951 4588; x_wconf 89' lang='lat' dir='ltr'>scio</span> <span class='ocrx_word' id='word_1_309' title='bbox 970 4551 1005 4588; x_wconf 91' lang='lat' dir='ltr'>an</span> <span class='ocrx_word' id='word_1_310' title='bbox 1028 4535 1111 4604; x_wconf 88' lang='lat' dir='ltr'>longe</span> <span class='ocrx_word' id='word_1_311' title='bbox 1133 4534 1325 4604; x_wconf 87' lang='lat' dir='ltr'>praeferendus</span> <span class='ocrx_word' id='word_1_312' title='bbox 1348 4535 1386 4589; x_wconf 89' lang='lat' dir='ltr'>sit</span> <span class='ocrx_word' id='word_1_313' title='bbox 1407 4534 1521 4602; x_wconf 85' lang='lat' dir='ltr'>reliquis</span> 
     </span>
     <span class='ocr_line' id='line_1_40' title="bbox 296 4622 1520 4692; baseline 0 -13"><span class='ocrx_word' id='word_1_314' title='bbox 296 4625 424 4680; x_wconf 90' lang='lat' dir='ltr'>omnibus</span> <span class='ocrx_word' id='word_1_315' title='bbox 437 4623 486 4691; x_wconf 90' lang='lat' dir='ltr'>qni</span> <span class='ocrx_word' id='word_1_316' title='bbox 500 4622 611 4691; x_wconf 86' lang='lat' dir='ltr'>quidem</span> <span class='ocrx_word' id='word_1_317' title='bbox 626 4639 657 4678; x_wconf 86' lang='lat' dir='ltr'>eo</span> <span class='ocrx_word' id='word_1_318' title='bbox 671 4625 794 4692; x_wconf 86' lang='lat' dir='ltr'>tempore</span> <span class='ocrx_word' id='word_1_319' title='bbox 807 4623 839 4677; x_wconf 89' lang='lat' dir='ltr'>in·</span> <span class='ocrx_word' id='word_1_320' title='bbox 852 4623 925 4678; x_wconf 85' lang='lat' dir='ltr'>hisce</span> <span class='ocrx_word' id='word_1_321' title='bbox 940 4623 1037 4677; x_wconf 89' lang='lat' dir='ltr'>studiis</span> <span class='ocrx_word' id='word_1_322' title='bbox 1051 4623 1081 4676; x_wconf 92' lang='lat' dir='ltr'>in</span> <span class='ocrx_word' id='word_1_323' title='bbox 1092 4623 1177 4678; x_wconf 89' lang='lat' dir='ltr'>Italia</span> <span class='ocrx_word' id='word_1_324' title='bbox 1190 4639 1301 4692; x_wconf 85' lang='lat' dir='ltr'>operam</span> <span class='ocrx_word' id='word_1_325' title='bbox 1313 4623 1453 4692; x_wconf 89' lang='lat' dir='ltr'>posuerint</span> <span class='ocrx_word' id='word_1_326' title='bbox 1468 4665 1474 4678; x_wconf 91' lang='lat'>.</span> <span class='ocrx_word' id='word_1_327' title='bbox 1490 4661 1497 4676; x_wconf 89' lang='lat'><strong>.</strong></span> <span class='ocrx_word' id='word_1_328' title='bbox 1513 4665 1520 4679; x_wconf 92' lang='lat'>.</span> 
     </span>
     <span class='ocr_line' id='line_1_41' title="bbox 296 4711 1413 4782; baseline -0.002 -14"><span class='ocrx_word' id='word_1_329' title='bbox 296 4715 394 4770; x_wconf 86' lang='lat' dir='ltr'>deinde</span> <span class='ocrx_word' id='word_1_330' title='bbox 412 4715 445 4768; x_wconf 91' lang='lat' dir='ltr'>ut</span> <span class='ocrx_word' id='word_1_331' title='bbox 463 4713 563 4782; x_wconf 89' lang='lat' dir='ltr'>probus</span> <span class='ocrx_word' id='word_1_332' title='bbox 581 4712 624 4766; x_wconf 86' lang='lat' dir='ltr'>ita</span> <span class='ocrx_word' id='word_1_333' title='bbox 642 4716 786 4766; x_wconf 87' lang='lat' dir='ltr'>accuratus</span> <span class='ocrx_word' id='word_1_334' title='bbox 804 4711 860 4766; x_wconf 85' lang='lat' dir='ltr'>luit</span> <span class='ocrx_word' id='word_1_335' title='bbox 878 4716 907 4766; x_wconf 90' lang='lat' dir='ltr'>et</span> <span class='ocrx_word' id='word_1_336' title='bbox 925 4711 1062 4767; x_wconf 88' lang='lat' dir='ltr'>curiosns&#39;.</span> <span class='ocrx_word' id='word_1_337' title='bbox 1100 4711 1156 4766; x_wconf 82' lang='lat' dir='ltr'>CIL</span> <span class='ocrx_word' id='word_1_338' title='bbox 1173 4712 1214 4766; x_wconf 88' lang='lat'>111</span> <span class='ocrx_word' id='word_1_339' title='bbox 1234 4715 1246 4766; x_wconf 94' lang='lat' dir='ltr'>l</span> <span class='ocrx_word' id='word_1_340' title='bbox 1268 4730 1294 4781; x_wconf 91' lang='lat' dir='ltr'>p.</span> <span class='ocrx_word' id='word_1_341' title='bbox 1313 4711 1413 4766; x_wconf 85' lang='lat' dir='ltr'>XXHI.</span> 
     </span>
    </p>
   </div>
   <div class='ocr_carea' id='block_1_10' title="bbox 0 0 1768 5232">
    <p class='ocr_par' dir='ltr' id='par_1_15' title="bbox 0 0 1768 5232">
     <span class='ocr_line' id='line_1_42' title="bbox 0 0 1768 5232; baseline 0 0"><span class='ocrx_word' id='word_1_342' title='bbox 0 0 1768 5232; x_wconf 95' lang='lat' dir='ltr'> </span> 
     </span>
    </p>
   </div>
  </div>
 </body>
</html>
