3254 5040
822 312 842 373 9

211 526 332 571 aeuum
365 506 486 571 seruati
518 504 708 571 condicione
739 502 949 586 intellegitur.
1004 524 1078 567 nam
1111 510 1146 567 ut
1178 502 1307 568 dicendi
1340 523 1442 586 genus

216 613 352 695 uulgare
385 618 417 677 et
448 611 647 677 inconditum
680 632 700 674 a
732 610 948 693 librariorum,
985 610 1040 692 qui
1078 629 1151 674 eum
1189 610 1441 693 perscribebant,

212 739 363 784 sermone
385 719 488 783 latino
511 738 576 783 non
598 719 693 784 nimis
717 716 814 799 longe
838 715 991 799 distabat,
1014 716 1062 780 ita
1076 736 1129 781 res
1143 715 1184 781 de
1205 717 1320 798 quibus
1335 704 1443 799 agitur

214 825 482 891 accommodatae
506 831 598 891 erant
613 823 656 889 ad
672 823 850 894 doctrinam
875 842 984 887 corum
998 829 1030 887 et
1044 823 1106 886 VH
1129 823 1246 887 artium
1260 822 1440 887 liberalium

219 932 423 1016 disciplinam
444 928 730 1014 scholasticam.¹³)
777 930 888 1011 itaque
911 949 975 994 non
998 929 1113 994 eadem
1135 929 1292 1011 religione
1315 930 1349 995 in
1371 949 1442 1013 per-

215 1039 387 1105 scribenda
412 1040 541 1123 Hygino
564 1039 687 1104 librarii
711 1037 891 1118 utebantur,
915 1057 979 1118 qua
1002 1036 1036 1101 in
1059 1035 1283 1120 propagandis
1307 1036 1441 1120 optimo-

216 1166 286 1210 rum
301 1146 504 1228 antiquitatis
528 1146 718 1230 scriptorum
743 1150 775 1209 et
797 1151 966 1228 poetarum
988 1141 1080 1208 libris
1094 1144 1333 1209 coercebantur.
1372 1163 1444 1208 cum

216 1252 316 1334 igitur
339 1271 403 1316 non
426 1251 469 1316 ad
493 1253 625 1318 uerbum
655 1250 803 1335 exempla
828 1256 1046 1333 sequerentur,
1076 1249 1134 1316 sed
1158 1250 1352 1314 senteutiam
1375 1249 1442 1314 fere

214 1358 367 1441 conplexi
395 1358 578 1424 memoriter
606 1357 735 1440 singula
758 1355 944 1438 redderent,
973 1356 1228 1441 transponendo,
1257 1354 1442 1439 omittendo,

219 1464 341 1530 sinriles
365 1466 544 1529 locutiones
568 1464 620 1527 uel
635 1483 732 1527 uoces
755 1463 839 1527 iuter
863 1483 899 1528 se
922 1463 1077 1528 mutando
1101 1463 1256 1527 traditam
1272 1463 1443 1528 lectionem

216 1579 338 1637 temere
375 1571 593 1636 turbauerunt.
649 1576 747 1651 atque
780 1569 880 1634 etiam
912 1570 1001 1635 locos
1038 1576 1205 1652 corruptos
1239 1589 1356 1634 sanare
1390 1569 1443 1634 uel

216 1698 274 1761 pro
308 1697 367 1741 sua
403 1676 685 1757 quantulacunque
718 1675 855 1741 scientia
887 1675 934 1739 ita
968 1676 1129 1760 corrigere
1158 1677 1266 1740 conati
1294 1684 1376 1760 suut,
1408 1684 1444 1742 ut

217 1803 331 1847 uocum
354 1784 508 1846 rariorum
533 1782 586 1847 uel
610 1781 827 1847 obsoletarum
856 1783 927 1846 loco
951 1783 1140 1866 quaeipsis
1169 1782 1311 1847 usitatae
1335 1791 1444 1848 essent

159 1946 161 1950 ,
216 1895 389 1973 ponerent,
426 1895 458 1953 ct
489 1888 655 1954 doctrinae
693 1888 831 1954 frustula
868 1888 1000 1954 aliunde
1038 1889 1193 1974 decerpta
1226 1889 1278 1955 uel
1312 1889 1352 1955 de
1385 1910 1443 1955 suo
1521 1924 1524 1929 ·

215 2003 366 2080 prompta
388 1994 517 2060 traditis
541 1996 649 2060 uerbis
672 1996 859 2061 insererent.

304 2102 435 2166 Minime
467 2103 607 2185 corrupti
640 2109 714 2167 sunt
747 2101 840 2166 codd.
874 2103 1126 2186 uetustiores,
1164 2123 1204 2167 ex
1235 2104 1315 2168 meis
1347 2106 1444 2166 DMR
1484 2122 1512 2190 a)

217 2228 300 2275 saec.
325 2207 414 2294 lXsX
443 2209 577 2291 exarati,
609 2207 668 2273 sed
696 2229 736 2273 ne
764 2209 796 2272 hi
826 2209 956 2291 'quidem
984 2210 1026 2273 ab
1053 2209 1357 2292 interpolationibus
1386 2210 1443 2273 im·
1458 2222 1537 2273 uetu-

215 2335 336 2380 muues.
385 2316 479 2380 immo
505 2334 581 2380 uero
607 2315 704 2379 etiam
730 2317 766 2399 R,
790 2316 842 2381 cui
860 2315 1039 2381 Bursianus
1062 2315 1193 2380 nimiam
1218 2317 1444 2381 auctoritatem
1455 2307 1551 2361 stiores

212 2422 369 2505 attribuit,
402 2442 594 2504 quamquam
629 2422 762 2506 propius
795 2424 912 2491 abesse
945 2421 1072 2486 uidetur
1096 2443 1117 2486 a
1146 2423 1304 2487 communi
1334 2423 1444 2487 arche·

215 2535 294 2611 typo
319 2549 415 2610 quam
439 2532 507 2592 llll
517 2528 567 2613 ¹⁴²),
597 2530 774 2594 scribarum
798 2528 977 2594 doctrinam
1000 2536 1169 2613 tantopere
1193 2529 1315 2612 resipit,
1344 2536 1378 2593 ut
1400 2528 1444 2593 ad

214 2634 448 2700 restituendum
472 2635 683 2719 archetypum
706 2656 809 2717 aequo
834 2637 903 2700 iure
927 2635 1010 2700 ratio
1032 2636 1102 2701 eius
1126 2635 1276 2700 habenda
1291 2635 1333 2700 sit
1347 2642 1444 2718 atque

214 2741 367 2806 librorum
390 2745 465 2824 ΗΜ,
489 2742 544 2824 qui
568 2748 603 2806 ut
626 2742 816 2826 corruptelis
840 2742 991 2808 laborant
1014 2743 1094 2807 locis
1119 2742 1152 2806 iu
1176 2746 1205 2806 R
1228 2743 1373 2826 integris,
1398 2744 1445 2807 ita

216 2868 281 2912 non
305 2849 405 2914 semel
428 2848 596 2932 archetypi
619 2849 805 2913 memoriam
830 2856 1042 2916 seruauerunt
1066 2850 1142 2913 inlt
1166 2850 1324 2914 uitiatam.
1356 2849 1445 2914 uelut

213 2976 272 3040 per
306 2963 405 3021 totum
439 2955 568 3020 tertium
602 2955 716 3019 librum
749 2976 853 3039 paene
890 2957 1141 3038 uniuscuiusque
1180 2956 1299 3039 capitis
1331 2956 1444 3020 ultima

214 3064 324 3145 uerba,
359 3063 473 3145 quibus
507 3083 632 3127 summa
665 3063 830 3128 stellarum
864 3062 982 3127 sideris
1015 3062 1168 3145 adfertur,
1203 3063 1236 3125 in
1263 3065 1292 3127 lt
1325 3070 1444 3127 temere

213 3177 341 3234 mutata
357 3178 439 3237 sunt.
478 3190 547 3254 cap.
567 3172 607 3235 10
622 3176 664 3253 (p.
680 3172 835 3253 tener
859 3169 957 3234 habet
980 3169 1036 3233 ‘ita
1059 3170 1186 3234 omniuo
1204 3178 1254 3234 est
1269 3171 1345 3233 ordo
1370 3170 1444 3233 stel-

214 3275 318 3340 larum
343 3277 423 3360 XX',
453 3297 524 3340 cum
547 3278 580 3341 in
605 3278 721 3342 ceteris
745 3276 837 3341 codd.
861 3279 937 3341 crdo
962 3275 1060 3360 desit,
1087 3276 1133 3340 ita
1157 3283 1190 3341 ut
1215 3277 1375 3341 sententia
1403 3277 1445 3341 sit

306 3505 343 3574 ¹⁸)
368 3526 394 3560 n.
418 3508 491 3561 intra
515 3525 573 3576 cap.
593 3509 639 3560 IV.
678 3525 711 3560 ac
733 3524 768 3561 ne
792 3507 902 3561 fabulae
927 3506 1039 3574 quidem
1062 3506 1191 3561 siderales
1216 3507 1444 3576 neglegebantur,

215 3614 386 3663 quamquam
406 3597 440 3649 ad
459 3597 620 3651 caelestium
639 3613 729 3650 rerum
748 3597 893 3650 scientiam
911 3596 1002 3649 minus
1026 3595 1204 3665 pertinebant
1223 3600 1251 3650 et
1272 3599 1303 3649 ut
1322 3596 1445 3649 homines

213 3685 378 3739 christianos
406 3702 505 3752 eosque
532 3685 681 3738 monachos
704 3684 826 3748 decebat,
855 3689 887 3739 ut
912 3684 1145 3738 ‘ridiculosissimo
1167 3684 1317 3753 gentilium
1346 3685 1444 3739 delira·

213 3776 317 3827 mente'
339 3776 592 3828 contemnebantur.

308 3879 344 3943 ¹⁴)
368 3882 408 3933 Ex
431 3881 490 3948 ipso
510 3884 540 3932 X
562 3881 710 3948 descriptos
733 3897 790 3934 esse
814 3884 868 3934 tres
892 3881 940 3933 hos
965 3879 1041 3934 codd.
1066 3896 1144 3948 nego,
1174 3897 1263 3946 neque
1287 3880 1361 3932 onim
1383 3897 1445 3934 raro

212 3969 299 4022 isdem
323 3969 463 4037 deturpati
487 3973 551 4023 sunt
571 3970 689 4032 mendis,
718 3988 780 4023 cum
805 3969 889 4023 ceteri
917 3969 1068 4038 genuinam
1101 3969 1274 4022 seruauerint
1299 3969 1445 4023 lectionem

212 4059 249 4119 (u.
270 4075 327 4126 cap.
348 4058 407 4125 III).
427 4087 462 4095 -
482 4062 544 4111 ΒΜ
558 4061 592 4112 ab
616 4076 670 4112 uno
689 4059 814 4126 exemplo
839 4075 895 4112 esse
920 4058 1058 4112 deriuatos
1081 4076 1136 4111 non
1159 4058 1254 4127 paucis
1279 4058 1445 4112 testimoniis

213 4147 324 4201 uidetur
343 4148 460 4215 probari.
498 4165 520 4202 e.
540 4165 566 4216 g.
586 4165 635 4215 pro
654 4156 775 4215 spectare
795 4147 931 4216 (inprimis
950 4147 980 4200 in
999 4147 1076 4201 libris
1095 4147 1135 4199 ΠΙ
1154 4151 1183 4200 et
1196 4147 1249 4207 IV)
1268 4148 1324 4200 t'ere
1343 4147 1445 4213 ubique

211 4234 319 4290 habent
343 4244 496 4303 exspectare
518 4236 602 4302 (idem
625 4236 658 4290 de
680 4237 809 4290 Ulitiauis
833 4236 937 4290 duobus
960 4239 1080 4290 testatur
1098 4236 1263 4289 Monokerus
1282 4235 1318 4288 ad
1337 4253 1363 4302 p.
1382 4235 1442 4292 25]

212 4324 323 4389 Bunte).
345 4353 375 4361 -
397 4325 483 4379 etiam
502 4325 685 4392 Reginensem
709 4326 764 4379 alio
788 4325 975 4380 intercedente
998 4326 1033 4379 ub
1051 4342 1082 4379 eo
1106 4325 1250 4392 archetypi
1274 4323 1445 4399 apographo,

212 4430 245 4465 ex
264 4431 319 4480 quo
338 4415 502 4468 uetustiores
521 4431 594 4468 meos
608 4414 716 4468 fluxisse
735 4418 835 4477 statuo,
856 4414 991 4482 originem
1010 4414 1106 4468 ducere
1121 4414 1142 4466 ii
1156 4412 1328 4482 potissimum
1344 4412 1443 4465 testari

212 4501 344 4555 uidentur
358 4502 419 4567 loci,
439 4503 538 4570 quibus
553 4503 683 4558 lectiones
696 4503 753 4557 eius
768 4508 928 4572 corruptum
944 4503 1001 4556 ium
1015 4502 1171 4570 exemplum
1186 4501 1311 4554 indicant
1326 4500 1444 4568 integris

211 4591 310 4645 ceteris
329 4592 474 4648 codicibus.
512 4610 533 4646 e.
554 4611 581 4661 g.
600 4611 626 4661 p.
647 4594 725 4656 onio
745 4592 839 4655 (schol.
864 4589 894 4645 rt
915 4593 958 4655 13)
977 4600 1052 4645 curlus
1072 4600 1145 4644 esset.
