3254 5040
787 328 829 393 61

702 416 915 426 --—-

196 519 414 606 exscriptum),
445 521 636 587 auctoritate
665 528 696 587 et
724 521 831 604 gratia
859 521 1080 606 praestaret5),
1112 522 1318 607 inpromptu
1342 529 1420 606 erat,

196 649 268 693 cum
296 627 488 694 Germanico
518 627 641 694 scholia
670 635 778 695 essent
806 627 933 713 addita,
967 629 1064 694 etiam
1091 628 1171 693 illud
1201 649 1330 693 carmen
1358 648 1420 694 uno

195 735 358 800 uolumine
386 734 646 820 conprehendere
675 738 746 801 'cum
772 735 853 800 libro
877 735 1062 820 Hyginiano
1090 735 1134 800 ad
1161 735 1294 800 Aratum
1321 735 1418 820 expli-1

196 841 335 907 candum
357 862 462 926 paene
486 840 583 906 facto.

287 948 353 1014 Sed
377 949 475 1014 etiam
489 948 650 1014 Ciceronis
674 948 777 1033 ipsius
791 948 940 1032 Hyginus
965 949 1107 1032 aliquam
1130 949 1288 1013 rationem
1301 948 1421 1014 habere

196 1053 332 1120 uidetur.
379 1075 455 1139 pag.
483 1057 612 1139 103,18,
636 1055 690 1120 ubi
714 1055 806 1119 Arati
829 1053 911 1120 duos
935 1075 1049 1120 uersus
1074 1055 1235 1132 exscribit,
1261 1055 1420 1120 Ciceronis

168 1161 175 1179 '
198 1161 330 1229 eosdem
353 1160 447 1226 addit
468 1161 660 1246 praemissis
674 1162 782 1227 uerbis
806 1161 902 1226 ‘idem
917 1161 1027 1227 Cicero
1042 1162 1140 1229 dicit'.
1177 1161 1276 1226 iidem
1300 1161 1421 1227 seruati

197 1274 272 1335 sunt
298 1268 333 1332 in
357 1268 520 1334 Ciceronis
550 1267 592 1332 de
620 1275 685 1332 nat.
716 1267 803 1335 decr.
832 1267 913 1333 libro
937 1268 969 1331 ΙΙ
996 1271 1057 1335 108
1087 1269 1159 1352 (irg.
1184 1269 1214 1333 X
1243 1289 1294 1352 ap.
1317 1268 1421 1333 Baeh-

196 1375 359 1460 rensium),
384 1395 446 1458 quo
469 1375 541 1440 loco
566 1395 638 1440 cum
655 1375 766 1440 Cicero
791 1375 956 1459 scripserit
978 1378 1041 1459 hcc,
1066 1375 1133 1440 scil.
1155 1381 1190 1439 ut
1212 1396 1326 1441 uersus
1351 1396 1421 1440 cum

198 1482 239 1548 iis
252 1502 335 1565 quae
349 1481 549 1566 praecedunt
568 1482 676 1547 uerbis
690 1481 799 1566 aptius
814 1480 1032 1559 cohaererent,
1057 1481 1206 1565 Hyginus
1221 1485 1301 1566 qued
1313 1482 1421 1560 habet,

199 1588 244 1654 ita
274 1595 309 1653 ut
342 1609 382 1654 ex
414 1589 517 1673 ipsius
555 1589 706 1653 carminis
739 1589 887 1653 continuo
923 1587 1035 1653 ordine
1071 1587 1177 1653 locum
1209 1588 1421 1674 exscripsisse

200 1694 354 1761 uideatur.
401 1716 480 1760 sane
507 1716 548 1760 nc
575 1701 691 1780 postea
718 1694 929 1780 interpolatos
957 1695 1017 1761 hos
1046 1714 1119 1760 esse
1146 1702 1308 1780 putemus,
1340 1695 1421 1760 alter

199 1803 297 1886 loona,
321 1822 383 1885 quo
399 1809 567 1885 utrumque
582 1795 731 1887 Hyginus
755 1801 877 1886 laudat,
900 1821 960 1867 nos
983 1801 1126 1886 impedit,
1151 1802 1421 1888 1112919410,

197 1909 252 1974 ubi
275 1929 331 1974 cur
354 1909 482 1976 stellam
506 1929 570 1992 qua
593 1908 722 1973 uincula
736 1909 877 1975 Piscium
902 1908 1135 1992 coniunguntur
1148 1909 1267 1974 Aratus
1283 1912 1326 1991 (u.
1342 1911 1420 1992 215)

198 2018 359 2103 σι’)νδεσμον
392 2013 576 2101 ὑπουράνιον,
611 2015 723 2081 016616
757 2022 798 2094 (u.
827 2019 879 2094 17)
912 2018 1026 2080 undum
1058 2019 1215 2082 caelestem
1247 2016 1421 2101 uocauerit‚

197 2142 256 2188 suo
270 2123 373 2188 Marte
397 2123 551 2207 explicat:
577 2122 641 2206 ‘qui
664 2122 791 2205 utrique
815 2122 926 2187 uolunt
951 2121 1142 2205 significare'
1168 2144 1234 2206 eqs.
1267 2122 1317 2188 his
1340 2123 1421 2188 locis

198 2249 270 2295 cum
296 2250 412 2295 nomen
441 2229 606 2296 Ciceronis
634 2228 770 2314 adferat,
799 2229 936 2294 eundem
965 2229 1129 2313 castigare
1156 2228 1284 2295 uidetur
1306 2230 1355 2294 ΙΠ
1381 2233 1418 2296 11

197 2357 228 2420 p.
252 2339 335 2421 86‚6,
365 2336 420 2401 ubi
444 2337 636 2403 sententiam
664 2356 773 2401 eorum
800 2334 933 2413 refutat,
963 2336 1027 2421 qui,
1056 2356 1127 2400 cum
1150 2336 1269 2403 Aratus
1300 2336 1422 2403 diceret

197 2443 352 2509 Perseum
380 2443 473 2517 ‘inter
496 2442 605 2509 sidera
629 2441 690 2530 (sic
714 2442 818 2528 codd,
841 2449 930 2509 astra
954 2447 983 2525 β)
1008 2450 1215 2530 κεκονισμένον
1237 2442 1419 2527 figuratum,

199 2556 393 2635 acceperunt
424 2570 496 2615 eum
525 2550 783 2635 puluerulentum
811 2548 949 2614 dictum'.
1000 2550 1045 2613 ita
1073 2550 1158 2614 enim
1186 2550 1297 2615 Cicero
1326 2551 1422 2616 uertit

197 2676 228 2723 u
253 2658 295 2723 25
323 2658 370 2738 (61
392 2656 536 2722 Auienus
560 2677 589 2723 ιι.
613 2659 677 2722 567
703 2677 774 2721 eum
797 2656 831 2720 ni
855 2656 950 2720 fallor
979 2662 1116 2741 secutus,
1144 2677 1174 2721 u.
1200 2677 1297 2741 supra
1320 2678 1352 2741 p.
1377 2660 1420 2723 35

198 2762 272 2831 adn.
290 2767 352 2848 17),
377 2783 448 2828 cum
464 2763 674 2829 Germanicus
699 2764 832 2843 (11253)
857 2763 1050 2828 sententiam
1073 2764 1177 2846 magis
1202 2783 1298 2846 quam
1320 2766 1420 2829 uerba

199 2871 402 2956 expresserit.
458 2869 544 2955 quod
581 2877 689 2936 autem
727 2869 915 2955 ‘conplures’
953 2869 1136 2955 laudantur,
1173 2891 1244 2936 eum
1277 2870 1317 2937 de
1350 2871 1419 2937 solo

200 2977 354 3044 Cicerone
383 2998 486 3044 sermo
516 2978 571 3055 sit,
605 2979 638 3042 in
665 2978 795 3063 Hygino
828 2977 895 3041 noli
926 2977 1036 3041 mirari
1064 2982 1106 3056 (u.
1133 2977 1218 3042 infra
1245 2999 1276 3062 p.
1304 2978 1418 3061 LXX).

197 3087 471 3171 praeterea1114
490 3086 556 3149 init.
575 3085 608 3149 ni
631 3085 726 3150 fallor
741 3085 905 3151 Ciceronis
927 3104 1048 3150 memor
1067 3083 1110 3149 ad
1129 3105 1282 3169 graecum
1304 3105 1419 3151 nomen

201 3192 372 3277 Ophiuchus
397 3231 438 3240 -
462 3192 548 3257 idem
581 3192 791 3257 Germanicus
823 3191 955 3257 retinuit
976 3229 1020 3239 —
1044 3191 1191 3256 adiunxit
1223 3193 1288 3275 ‘qui
1319 3193 1420 3278 apud

197 3308 353 3365 nostros
377 3300 591 3385 scriptores
605 3300 812 3382 Anguitenens
836 3305 886 3364 est
899 3298 1023 3377 dictus',
1048 3298 1135 3382 quod
1148 3318 1264 3364 nomen
1285 3299 1420 3365 latinum

198 3406 302 3471 solum
325 3407 472 3472 adhibuit
487 3407 608 3472 Cicero.
645 3405 731 3471 adde
755 3404 840 3488 quod
863 3404 897 3470 id
921 3406 1057 3489 signum,
1081 3405 1168 3489 quod
1182 3426 1300 3490 graece
1314 3405 1420 3494 Κῆτος

197 3520 340 3599 uocatur,
365 3534 435 3578 cum
458 3513 518 3578 hcc
543 3533 658 3579 nomen
678 3513 710 3576 in
735 3511 876 3578 secundo
895 3511 977 3577 libro
997 3518 1035 3591 (c.
1052 3510 1109 3598 31)
1133 3533 1173 3577 ex
1187 3513 1418 3579 ‘Eratosthene'

290 3726 311 3794 ὃ)
339 3728 447 3780 Reuera
475 3726 610 3781 Ciceronis
642 3744 751 3780 carmen
782 3729 842 3779 tarn
874 3724 1006 3779 eximium
1037 3726 1127 3780 locum
1159 3726 1279 3781 tenuisse
1311 3730 1339 3782 et
1370 3729 1419 3783 illo

197 3816 358 3885 Hieronymi
381 3816 439 3870 loco
462 3817 594 3885 probatur
617 3818 645 3870 et
666 3816 794 3869 laudibus
822 3814 921 3883 quibus
945 3832 961 3868 a
983 3814 1100 3869 Firmico
1123 3816 1249 3870 Materno
1277 3818 1420 3873 extollitur

198 3904 325 3972 (Mathes.
343 3906 370 3958 ΙΙ
393 3905 486 3973 praef,
509 3923 535 3974 p.
559 3909 589 3959 15
613 3905 653 3960 ed.
677 3905 817 3958 Pruclrner
835 3904 918 3957 Basil.
942 3905 1015 3969 1551,
1041 3904 1073 3958 ef.
1094 3904 1198 3958 Teuffel
1216 3905 1234 3958 1.
1254 3923 1275 3960 c.
1296 3908 1367 3974 514)
1392 3911 1420 3963 61

198 4010 229 4047 60
253 3994 325 4062 quod
343 3994 505 4048 Lactantius
529 3994 587 4048 eius
606 3995 721 4047 Aratum
745 3996 854 4061 praeter
873 3992 1067 4046 Germanicum
1094 3990 1223 4048 adhibuit
1242 3995 1277 4063 (V
1296 3997 1320 4060 5,
1340 3998 1364 4051 5.
1385 4000 1419 4064 9).

198 4083 334 4137 Auienum
359 4083 417 4137 eius
444 4084 533 4152 magis
557 4083 693 4136 rationem
715 4082 843 4136 habuisse
870 4099 954 4149 quam
978 4082 1135 4137 Germanici
1157 4083 1214 4138 iarn
1238 4085 1270 4140 G.
1295 4085 1359 4154 Sieg
1381 4086 1417 4153 (u.

198 4189 280 4240 supra
294 4191 320 4241 p.
335 4175 369 4226 35
385 4173 444 4227 adn.
463 4174 506 4240 17)
519 4173 668 4226 contendit.
701 4189 789 4240 neque
804 4171 1005 4225 Antoninorum
1025 4176 1117 4226 aetate
1136 4173 1194 4227 sine
1213 4174 1309 4242 aliqua
1326 4174 1419 4242 gratia

197 4261 280 4316 fuisse
294 4262 429 4317 Ciceronis
443 4264 561 4317 Aratum
580 4262 654 4315 haud
673 4262 727 4316 scic
746 4280 782 4315 an
800 4261 883 4315 liceat
902 4262 1061 4316 concludere
1079 4280 1111 4316 ex
1130 4279 1161 4317 6ο
1180 4263 1253 4331 quod
1267 4263 1418 4317 Gordianus

197 4349 301 4419 primus
325 4351 418 4417 (natus
437 4371 460 4406 a.
484 4353 543 4417 158)
568 4351 733 4405 ‘adulescens
756 4369 817 4405 curn
841 4355 911 4405 esset
930 4393 935 4405 .
956 4391 962 4404 .
982 4355 1111 4420 poemata
1133 4352 1265 4421 scripsit.
1291 4393 1296 4405 .
1320 4355 1418 4405 cuncta

198 4438 248 4493 illa
271 4458 342 4508 quae
365 4442 464 4506 Cicero,
488 4442 516 4495 id
535 4445 576 4495 est
595 4481 601 4493 .
622 4482 627 4494 .
652 4444 680 4495 61
703 4443 821 4494 Aratum
840 4482 846 4494 .
866 4483 881 4506 .‚
906 4459 976 4509 quae
995 4441 1106 4509 quidem
1131 4442 1234 4495 adhoc
1256 4441 1364 4509 scripsit
1386 4445 1418 4496 ut

198 4528 333 4583 Ciceronis
360 4534 489 4599 poemata
516 4531 615 4584 nimis
643 4530 788 4598 antiqua
814 4530 990 4584 uiderentur’.
1032 4531 1084 4585 Iul.
1113 4530 1178 4600 Cap.
1206 4530 1286 4584 Gord.
1310 4531 1352 4594 112
1373 4531 1418 4598 Ι(11

198 4618 388 4686 3111166161)
408 4621 440 4674 cf.
460 4620 641 4675 7611116116.
663 4621 746 4687 189,2.
766 4620 850 4686 3752.
