3254 5040
828 279 871 347 66

243 496 325 561 quas
348 473 381 541 in
403 472 521 542 nostris
545 473 741 541 editionibus
763 475 888 560 primus
902 482 934 542 et
948 481 1081 559 quartus
1103 474 1185 541 liber
1208 472 1380 561 continent,
1404 473 1471 542 sed

195 654 197 659 ,
241 584 337 651 etiam
365 583 507 649 mediam
533 590 672 668 partem,
705 603 770 666 qua
798 582 839 648 de
869 582 1006 666 singulis
1035 582 1137 665 signis
1166 583 1250 648 caeli
1277 583 1397 668 agitur,
1431 583 1471 649 in

240 691 354 758 eodem
382 690 543 756 uolumine
571 689 672 756 fuisse
701 688 826 756 duobus
853 689 944 773 locis,
973 709 1054 773 quos
1081 689 1115 754 11
1143 696 1240 775 caput
1263 693 1314 775 26,
1341 691 1398 756 ubi
1422 690 1471 757 de

238 797 421 864 huiusmodi
448 799 544 862 rebus
573 795 703 862 dicendi
731 796 802 862 sola
831 797 962 862 occasio
992 804 1070 882 erat,
1098 817 1139 862 ex
1165 797 1247 863 libro
1271 797 1303 862 Π
1330 797 1470 882 recepit,

240 905 321 970 ultro
345 906 507 990 probatur.
554 924 582 971 c.
608 906 681 988 26,6
705 904 789 968 enim
812 905 912 969 uerba
935 907 990 969 laos
1013 906 1117 969 Latini
1145 906 1294 988 Uergilias
1308 942 1349 951 -
1369 907 1470 970 tradi·

238 1022 302 1079 tum
325 1016 420 1096 signis
443 1032 516 1077 eum
535 1011 584 1097 iis,
609 1031 692 1095 quae
716 1032 767 1096 ap.
781 1011 864 1096 Hyg.
880 1033 910 1096 p.
930 1012 1115 1096 64,12-15
1138 1011 1296 1096 legrmtur,
1318 1011 1366 1076 ita
1388 1032 1470 1078 con-

238 1121 392 1204 sentiunt,
420 1126 456 1184 ut
482 1119 612 1204 Hygino
641 1140 680 1186 ea
710 1119 820 1185 deberi
849 1125 1016 1204 appareat.
1067 1120 1109 1186 ib.
1142 1125 1182 1186 14
1210 1121 1310 1185 uerba
1332 1131 1471 1205 propter

230 1231 378 1310 flammae
400 1228 572 1307 candorem,
597 1230 677 1311 quod
690 1229 838 1292 uumnodi
859 1230 908 1308 sit,
932 1235 966 1291 ut
982 1249 1062 1311 prae
1076 1230 1183 1291 ceteris
1197 1229 1298 1292 lucere
1319 1229 1471 1292 uideatur

238 1353 279 1399 ex
301 1334 387 1418 Hyg.
411 1354 442 1417 p.
470 1331 613 1417 74,101³)
638 1333 800 1417 exscripta
824 1340 907 1400 sunt.
953 1333 1081 1399 tertium
1108 1353 1186 1399 uero
1216 1334 1319 1400 solum
1345 1333 1470 1399 librum

238 1441 269 1506 ei
297 1440 453 1524 defuisse,
481 1461 575 1524 quem
604 1459 659 1504 our
687 1440 721 1504 in
748 1439 830 1505 libro
855 1439 896 1505 de
920 1446 984 1507 nat.
1007 1460 1066 1507 rer.
1095 1440 1265 1506 adhiberet
1292 1462 1356 1506 non
1385 1447 1469 1526 erat

236 1568 331 1613 nemo
355 1547 548 1631 opinabitur.

324 1673 396 1737 Iam
420 1671 620 1757 discernitur,
649 1676 803 1755 quantum
832 1671 1010 1737 interfuerit
1037 1672 1121 1736 inter
1142 1671 1204 1738 hoc
1227 1673 1313 1757 quod
1336 1673 1469 1741 Isidoro

237 1787 313 1845 ante
345 1778 456 1845 oculos
490 1779 590 1844 fuisse
628 1777 831 1862 suspicamur
865 1777 1053 1869 exemplum,
1078 1785 1111 1844 et
1142 1778 1177 1844 id
1209 1800 1230 1844 a
1261 1801 1324 1864 quo
1360 1782 1472 1848 nostri

237 1885 367 1952 codices
381 1885 562 1950 Britannici
585 1885 743 1968 originem
768 1884 901 1951 ducunt:
925 1886 958 1950 in
981 1885 1037 1951 illo
1061 1892 1148 1952 totus
1163 1886 1312 1972 Hyginus
1335 1888 1469 1972 integro

311 2152 345 2221 ¹⁸)
368 2155 445 2209 Idem
467 2153 573 2222 Hygini
600 2153 674 2207 locus
698 2153 766 2222 orig.
785 2153 827 2206 ΙΠ
846 2154 923 2218 71‚15
952 2153 1103 2222 exscriptus
1130 2157 1180 2219 est,
1208 2154 1256 2208 ubi
1283 2155 1351 2210 haec
1377 2157 1471 2212 uerba

239 2246 312 2315 apud
327 2245 469 2315 Hyginum
483 2243 627 2312 sequentia
641 2243 792 2297 adduntur:
817 2248 906 2312 itaque
929 2262 979 2312 quo
997 2248 1083 2313 magis
1096 2263 1154 2297 eam
1167 2253 1352 2312 cognoscerent
1369 2246 1471 2300 Sirion

236 2338 394 2403 appellasse.
416 2362 446 2370 —
468 2334 613 2386 Praeterea
632 2332 662 2384 in
681 2331 826 2401 Originum
844 2332 915 2386 libro
933 2332 974 2385 III
992 2333 1060 2386 haec
1078 2332 1239 2401 Hyginiana
1258 2332 1381 2399 (nomine
1400 2351 1468 2387 nus·

237 2441 322 2492 quam
339 2422 463 2488 laudato)
482 2421 674 2475 inueniuntur:
699 2421 740 2474 III
759 2422 793 2474 32
817 2424 935 2490 sphaera
953 2424 1022 2474 caeli
1039 2430 1077 2474 est
1098 2425 1199 2490 species
1221 2425 1352 2491 quaedam
1369 2426 1399 2476 in
1419 2441 1470 2477 ro-

236 2516 352 2567 tundum
369 2515 489 2579 formata
509 2509 704 2577 (1121111152)
723 2510 756 2564 cf.
771 2511 841 2580 Hyg.
861 2529 887 2579 p.
903 2511 995 2576 22,15;
1014 2511 1056 2564 ΠΙ
1070 2511 1184 2576 44,2-4
1204 2509 1281 2579 (XIII
1294 2511 1322 2579 6)
1340 2511 1373 2565 cf.
1388 2512 1468 2582 Hyg.

235 2621 261 2672 p.
281 2601 468 2666 24,11-25,8.
489 2629 520 2638 -
540 2601 581 2653 ΙΠ
601 2600 679 2665 7123
702 2600 736 2654 de
760 2601 853 2655 Ariete
876 2600 910 2654 cf.
929 2601 1001 2670 Hyg.
1025 2618 1051 2669 p.
1072 2600 1192 2668 62,l.(5.)
1213 2600 1356 2654 -11124
1377 2602 1469 2657 uerba

236 2692 270 2745 de
290 2692 379 2745 Tauro
404 2690 538 2755 (Itiurum
556 2719 591 2727 -
609 2693 774 2757 trausueuit)
802 2707 971 2758 quamquam
993 2690 1090 2743 fabula
1111 2693 1230 2755 mutata,
1257 2689 1340 2744 initio
1363 2690 1468 2759 capitis

238 2780 395 2850 Hyginiuni
414 2780 499 2845 (1121
519 2798 546 2849 p.
562 2780 660 2847 62,9.8)
678 2780 801 2848 inspecto
820 2779 950 2834 uidentur
969 2779 1131 2848 conscripta.
1144 2809 1175 2816 -
1186 2779 1221 2832 ib.
1238 2780 1272 2833 25
1291 2780 1325 2834 de
1339 2779 1467 2834 Geminis

235 2868 387 2937 (Castorem
401 2898 434 2906 -
450 2872 553 2935 dicunt)
572 2869 605 2923 cf.
621 2869 693 2938 Hyg.
713 2887 739 2938 p.
756 2870 878 2934 641520
897 2870 980 2935 linter
997 2886 1049 2922 om.
1066 2865 1132 2934 Ββ).
1149 2897 1180 2905 -
1196 2868 1232 2921 ib.
1248 2872 1281 2923 30
1296 2871 1467 2937 Sagittarius

234 2963 282 3012 uir
307 2962 412 3027 equinis
438 2961 566 3011 cruribus
589 2960 764 3026 deformatus,
793 2976 849 3025 qua
876 2958 994 3012 lectione
1021 2958 1184 3012 scholiorum
1212 2959 1346 3012 memoria
1369 2955 1464 3025 (1113)

233 3049 359 3101 firmatur
378 3049 414 3113 (u.
434 3050 492 3102 not.
513 3047 548 3100 ad
565 3047 604 3113 1.).
621 3077 653 3085 -
670 3049 766 3102 contra
783 3047 868 3101 uerba
886 3046 923 3100 ib.
943 3048 976 3099 31
999 3049 1163 3115 Capricorni
1178 3050 1296 3115 figuram
1313 3050 1372 3100 ideo
1390 3051 1465 3101 inter

234 3141 326 3191 sidera
347 3141 488 3204 finxerunt
509 3145 626 3206 propter
649 3155 762 3205 capram
784 3139 860 3189 Iouis
882 3140 1021 3204 nutricem,
1051 3141 1129 3190 cuius
1151 3141 1330 3205 posteriorem
1352 3146 1464 3205 partem

237 3231 361 3295 corporis
379 3231 409 3280 iu
428 3230 541 3295 effipiem
554 3229 677 3295 piscis..
689 3230 881 3294 formuuerunt
894 3226 942 3293 (cf.
956 3244 982 3295 p.
999 3226 1119 3290 ouras]
1134 3247 1165 3271 =
1181 3227 1236 3281 sch.
1248 3223 1266 3279 ll
1280 3225 1354 3294 init.)
1372 3243 1463 3295 neque

234 3317 398 3370 scholiorum
423 3316 535 3370 lectioni
554 3313 582 3381 (tl
601 3316 628 3383 6)
651 3317 838 3383 deformatam,
857 3333 946 3383 neque
965 3316 991 3370 ei
1009 3333 1093 3383 quam
1111 3318 1143 3368 X
1162 3317 1275 3385 praebet
1299 3317 1463 3383 formatione

234 3407 354 3459 obstant.
369 3435 404 3442 -
419 3406 456 3459 ib.
476 3406 511 3459 34
530 3404 577 3472 (de
597 3404 716 3474 Auriga)
735 3405 857 3459 conferas
876 3423 977 3473 quaeso
996 3423 1058 3460 eum
1076 3406 1149 3474 Hyg.
1168 3423 1231 3474 pag.
1251 3407 1330 3468 4623
1349 3408 1378 3459 et
1396 3423 1460 3476 pag.

234 3496 364 3561 47,1-3;
383 3494 420 3549 ib.
436 3495 471 3549 35
490 3493 533 3562 (de
552 3495 635 3548 Arcto
654 3497 683 3548 et
702 3495 913 3564 Arctophylace)
933 3513 996 3549 cum
1013 3495 1086 3564 Hyg.
1105 3512 1151 3564 pp.
1170 3495 1238 3562 30,4.
1249 3495 1318 3555 314.
1329 3495 1460 3560 301314.

234 3586 304 3650 31,2.
321 3614 353 3622 -
369 3584 406 3638 ib.
426 3586 460 3639 36
478 3585 598 3638 Isidorus
617 3584 754 3639 consentit
773 3602 834 3639 cum
853 3584 1008 3654 Hyginiani
1027 3584 1170 3653 archetypi
1188 3586 1220 3636 X
1234 3584 1366 3638 memoria
1384 3585 1419 3638 ab
1438 3586 1463 3638 Y

234 3675 355 3729 diuersa:
388 3677 540 3728 Centaurus
561 3676 665 3727 Chiron
688 3682 803 3742 propter
828 3677 899 3743 quod
920 3677 1050 3727 nutrierit
1072 3675 1263 3742 Aesculapium
1286 3682 1310 3727 et
1332 3675 1462 3727 Achillem

233 3767 305 3817 inter
332 3772 409 3817 astra
436 3766 673 3817 dinumeratus
696 3771 741 3833 est,
771 3763 805 3816 ci.
824 3763 895 3833 Hyg.
920 3782 946 3832 p.
967 3763 1044 3829 75‚11
1064 3780 1132 3831 sqq,
1155 3764 1210 3817 sch.
1230 3760 1264 3817 22
1287 3765 1361 3829 134,
1384 3764 1414 3816 in
1434 3765 1465 3816 X

234 3855 308 3909 enim
336 3857 378 3908 est
405 3862 605 3923 rinrneraretur,
633 3853 663 3906 in
685 3856 712 3906 Y
732 3857 774 3907 est
796 3861 967 3907 statueretur.
990 3883 1019 3891 -
1040 3854 1080 3907 Ill
1099 3854 1187 3918 22,8.9
1209 3855 1295 3908 uerba
1313 3854 1357 3919 (de
1375 3850 1461 3922 Lyra)

237 3946 340 4013 Orpheo
358 3945 481 4009 tradidit,
501 3947 548 4012 qui
566 3952 638 3997 erut
655 3946 737 3997 buius
755 3947 798 3997 rei
815 3947 932 3998 maxime
950 3946 1087 3997 studiosus
1106 3962 1168 3998 cum
1180 3943 1291 3998 scholiis
1306 3940 1336 4009 ld
1348 3945 1373 4007 3,
1387 3943 1460 4012 Hyg.

233 4052 261 4103 p.
279 4034 351 4101 43,1)
376 4032 491 4097 faciunt,
516 4051 582 4087 nam
600 4032 630 4086 in
648 4035 680 4086 X
700 4033 776 4087 deest
799 4034 898 4103 copula
921 4042 988 4087 erut.
1025 4036 1178 4101 sequuntur
1200 4034 1268 4088 haee
1286 4033 1460 4102 Hyginianaz

233 4127 305 4177 unde
328 4132 352 4177 et
378 4125 538 4176 aestinmtur
565 4125 656 4176 eadem
678 4131 763 4176 arte.
784 4165 789 4176 .
810 4164 816 4176 .
835 4127 912 4190 feras
930 4166 936 4178 .
957 4165 963 4178 .
983 4127 1144 4189 allicuisse,
1173 4123 1213 4177 sie
1235 4124 1378 4188 hreualus
1405 4141 1461 4177 non

233 4217 420 4284 applicuisse,
447 4212 521 4279 quod
544 4230 571 4280 p.
590 4213 623 4265 211
648 4213 712 4266 adn.
735 4213 767 4266 13
790 4231 823 4267 ox
848 4215 877 4266 B.
897 4214 1026 4268 Uulcanii
1055 4213 1188 4277 editione,
1218 4213 1275 4266 alia
1302 4213 1460 4279 destitutus,

233 4305 337 4373 scripsi.
375 4306 496 4357 ceterum
514 4321 541 4356 u.
561 4303 579 4355 l.
598 4303 616 4355 l.
636 4332 670 4339 -
689 4303 739 4355 His
758 4304 823 4357 locis
843 4304 913 4358 addo
932 4305 995 4358 XIV
1015 4305 1089 4368 11291
1114 4306 1240 4357 Historia
1265 4306 1330 4357 dicit
1353 4322 1387 4357 eu·
1405 4306 1461 4358 Ia-

233 4413 309 4449 sone
331 4393 374 4460 (=
396 4392 438 4460 X)
461 4401 556 4446 rentum
577 4394 664 4457 sitisse
687 4395 862 4446 Plu'lomelum
885 4402 909 4446 ct
930 4396 1047 4460 Plutum,
1072 4412 1106 4448 eu·
1128 4396 1274 4447 Philomela
1295 4396 1461 4447 Pareantum

234 4488 381 4553 (pereunte
393 4484 436 4549 X)
453 4487 579 4553 penitam,
599 4486 646 4551 qui
664 4485 697 4535 de
714 4501 763 4536 suo
781 4488 888 4538 numne
900 4487 1011 4540 Paron
1031 4488 1072 4550 (=
1090 4486 1133 4552 X)
1152 4487 1271 4538 insulam
1290 4492 1314 4537 et
1332 4485 1461 4552 oppidum

235 4577 392 4643 appellauit,
411 4573 444 4627 of.
464 4573 536 4642 Hyg.
556 4591 582 4642 p.
602 4573 663 4640 38,5
681 4590 740 4640 sqq.
