3254 5040
781 299 824 363 43

278 493 397 557 Eorum
425 512 510 576 quae
537 490 558 555 4
590 495 630 557 10
658 492 691 556 in
719 492 779 556 Ac
806 490 923 557 desunt
950 492 1120 558 uerborum
1149 492 1269 558 Graece
1289 497 1423 577 sumunt

194 601 373 683 Geryonem
409 601 547 665 custodes
574 601 611 663 de
638 600 744 682 quihus
772 618 848 682 eqs,
880 597 984 682 prima
1014 599 1133 665 Graece
1152 605 1183 684 f.
1215 600 1252 664 G.
1285 603 1423 665 custodes

196 705 315 771 iniuria
348 704 552 770 intercidisse
584 711 731 789 apparet.
776 705 931 770 incertum
965 711 1028 786 est,
1061 712 1166 770 utrum
1194 725 1278 789 quae
1307 704 1424 771 desunt

198 813 346 878 consulto
371 833 392 877 a
416 811 594 878 scholiasta
617 811 738 877 omissa
762 811 835 890 sint,
865 831 907 876 an
931 811 1055 876 librarii
1078 811 1173 896 culpa
1196 811 1425 880 interciderint.

285 921 329 986 Ut
362 921 403 984 ab
434 918 498 984 hac
528 925 621 1003 parte
653 918 686 982 in
723 917 831 983 medio
868 918 1029 1001 quaedam
1064 918 1298 1002 relinquuntur,
1336 939 1421 1003 quae

196 1033 300 1093 utrum
323 1025 464 1091 librariis
488 1045 531 1089 an
555 1024 752 1091 scholiastae
767 1025 831 1089 sint
844 1024 1023 1109 inputanda
1039 1024 1176 1108 dubites,
1201 1025 1248 1091 sic
1262 1026 1304 1090 ah
1318 1026 1423 1090 altera

194 1140 288 1219 parte
314 1132 474 1197 dubitatio
499 1131 628 1197 exsistit
650 1131 733 1197 inter
762 1130 972 1197 sehohastam
1001 1138 1033 1196 et
1055 1131 1090 1196 id
1118 1132 1232 1216 ipsum,
1260 1152 1323 1214 quo
1346 1152 1425 1198 usus
1533 1130 1535 1134 ⁴

197 1247 255 1317 est,
288 1238 470 1323 exemplum
498 1238 629 1322 Hygini.
676 1236 735 1302 sed
762 1237 917 1302 nonnulla
944 1239 1009 1302 iam
1037 1238 1098 1303 hoo
1129 1239 1200 1303 loco
1233 1237 1274 1303 de
1302 1237 1364 1304 hac
1390 1258 1425 1303 re

198 1345 351 1412 uidentur
373 1364 472 1430 posse
496 1344 661 1410 constitui:
691 1363 775 1426 quae
798 1343 915 1410 desunt
938 1346 970 1409 in
995 1345 1136 1429 scholiis,
1164 1346 1229 1409 iam
1256 1345 1289 1409 in
1312 1344 1425 1410 codice

201 1452 258 1517 illo
285 1451 472 1535 Hyginiano
502 1452 530 1513 Y
554 1449 698 1516 defuisse
725 1451 813 1515 nullo
841 1450 937 1515 modo
965 1450 1042 1516 licet
1069 1451 1237 1540 suspicari.
1283 1451 1427 1534 quaein

201 1557 382 1623 breuiorem
407 1558 542 1622 formam
565 1556 699 1622 redacta
723 1564 797 1622 sunt
819 1556 1035 1623 locutionibus
1059 1557 1111 1622 uel
1133 1558 1304 1622 uerborum
1327 1564 1427 1623 struc-

196 1671 269 1730 tura
303 1662 449 1748 mutatis,
484 1663 682 1729 scholiastae
715 1662 826 1729 deberi
864 1662 1022 1729 uidentur.
1077 1667 1287 1746 quamquam
1303 1663 1428 1746 aliquot

200 1777 378 1836 structurae
407 1769 460 1836 uel
488 1769 668 1852 locutiones
693 1771 735 1835 ah
762 1771 799 1834 X
829 1768 980 1835 diuersae
1012 1769 1082 1836 sine
1114 1769 1211 1834 dubio
1243 1769 1369 1834 iamin
1402 1772 1428 1834 Y

201 1877 371 1943 infuerunt.
417 1897 477 1942 nee
500 1877 606 1942 minus
630 1875 753 1942 codicis
778 1879 803 1940 Y
827 1883 907 1960 sunt,
931 1896 1141 1960 quaecunque
1164 1883 1295 1960 praeter
1317 1875 1427 1941 arche·

198 1984 270 2068 typi
297 1986 332 2048 X
358 1983 545 2048 memoriam
573 1983 607 2047 in
636 1983 770 2050 scholiis
800 1989 930 2048 exstant
959 1982 1014 2064 (iis
1042 1982 1111 2049 scil.
1139 2003 1224 2065 quae
1251 1982 1428 2048 scholiasta

198 2089 327 2155 addidit
354 2090 521 2174 exceptis).
567 2088 608 2155 de
636 2089 848 2155 collocatione
876 2089 1015 2173 denique
1043 2091 1213 2154 uerborum
1241 2089 1319 2153 certi
1347 2087 1426 2152 nihil

199 2204 307 2282 potest
334 2197 446 2281 statui,
476 2195 548 2281 sed,
577 2204 611 2261 ut
638 2204 765 2263 nostros
793 2195 917 2281 Hygini
945 2194 1085 2280 codices,
1118 2196 1165 2261 sio
1192 2197 1259 2260 ΧΥ
1281 2196 1363 2261 intcr
1391 2214 1426 2260 se

200 2303 427 2389 discrepuisse,
455 2302 615 2369 interdum
643 2302 854 2368 scholiastam
877 2324 897 2368 a
920 2301 1041 2367 tradita
1069 2303 1239 2367 uerborum
1266 2301 1427 2386 positione

199 2411 376 2477 recessisse
399 2417 651 2476 consentaneum
675 2416 734 2475 est.
