3254 5040
784 332 827 399 65

284 527 325 593 de
339 548 424 592 anno
440 527 479 613 (1.
495 530 538 610 6),
558 547 629 592 cum
647 533 828 594 nostrorum
843 525 991 592 codicum
1009 525 1203 609 archetypus
1217 528 1253 590 X
1264 525 1297 588 in
1310 523 1418 590 uerbis

203 655 322 700 annum
344 634 514 700 uoluerunt
538 654 611 699 esse
634 654 707 699 oum
730 635 780 700 101
803 634 845 699 ab
869 633 994 698 aestiuo
1019 631 1138 696 circulo
1161 631 1252 696 redit’
1278 631 1332 713 (of.
1357 633 1418 696 16
1458 701 1461 707 ,

194 742 263 807 init.
286 793 294 808 .
317 793 325 808 .
349 792 356 807 .
379 741 428 807 ‘ao
450 744 568 806 reditas
589 761 648 825 per
661 742 725 806 Xll
739 741 890 822 menses')
906 739 1047 823 desierit,
1071 759 1155 822 quae
1168 738 1328 821 integram
1343 737 1419 802 anni

196 848 403 930 (solstitialis)
428 847 647 914 definitionem
669 868 734 913 non
756 848 969 933 praebent11),
992 845 1073 911 nihil
1096 844 1201 911 audeo
1226 851 1378 912 statuere.

284 975 407 1039 Horum
439 971 632 1059 locorum12)
664 973 806 1038 maxima
838 992 916 1057 pars
950 992 990 1037 ex
1022 971 1062 1037 iis
1096 970 1218 1056 Hygini
1250 970 1420 1054 capitibus,

197 1083 312 1168 quibus
345 1081 385 1147 de
419 1079 488 1147 sole
521 1086 553 1146 11
584 1080 662 1146 luna
695 1081 752 1163 (IV
778 1082 887 1160 1314)
920 1079 1039 1163 agitur,
1072 1077 1264 1162 deprompta
1296 1083 1346 1142 est
1377 1076 1421 1141 ad

196 1189 315 1257 lsidori
352 1189 462 1274 capita
498 1191 622 1255 16-21
665 1185 884 1271 conponenda.
940 1185 999 1252 sed
1030 1206 1071 1250 ne
1105 1184 1305 1270 suspicemur
1339 1183 1421 1249 11111

198 1296 376 1382 sumpsisse
395 1295 556 1361 Isidorum
571 1314 611 1360 11
624 1295 717 1359 Arati
740 1293 834 1359 latini
858 1292 998 1376 quodam
1021 1292 1177 1377 exemplo,
1202 1293 1253 1357 cui
1276 1291 1340 1357 duo
1364 1292 1421 1356 illa

197 1404 308 1489 capita
321 1402 444 1487 Hygini
467 1401 594 1467 nomine
617 1400 750 1466 laudato
765 1407 799 1466 ut
814 1399 938 1467 scholia
961 1399 1129 1484 adscripta
1152 1398 1279 1482 fuerint,
1304 1400 1422 1483 obstat,

200 1510 286 1595 quod
315 1516 346 1576 et
376 1508 520 1576 eiusdem
547 1508 620 1574 libri
649 1508 755 1592 quarti
783 1508 849 1572 alia
877 1506 1014 1572 frustula
1041 1507 1164 1591 recepit
1193 1513 1224 1572 11
1253 1527 1293 1572 11
1320 1508 1421 1591 primo

201 1618 280 1683 libro
310 1637 382 1682 curn
411 1615 494 1681 alios
523 1616 911 1698 10101(11.481110),
940 1621 1008 1678 tum
1035 1634 1120 1696 quae
1144 1634 1184 1678 11
1211 1612 1422 1699 praefatione,

202 1725 254 1791 ubi
275 1723 426 1808 Hyginus
448 1723 546 1788 totius
570 1722 643 1786 libri
667 1722 761 1805 quasi
784 1727 992 1805 conspectum
1016 1720 1166 1805 explicat,
1193 1720 1226 1783 111
1250 1741 1321 1806 cap.
1347 1723 1422 1799 223

200 1831 342 1898 inseruit.
394 1831 504 1912 itaque
532 1850 595 1894 non
629 1828 810 1912 fragmenta
837 1827 1003 1902 nonnulla,
1038 1827 1097 1894 sed
1126 1828 1230 1913 ipsum
1259 1828 1423 1912 Hyginum

199 1938 325 2005 Isidoro
359 1936 403 2022 ad
434 1957 549 2003 manus
582 1936 683 2002 fuisse
714 1956 850 2002 necesse
882 1942 940 2001 111.
984 1954 1045 2000 neo
1079 1935 1182 2000 solum
1215 1954 1272 2000 eas
1304 1943 1423 2021 partes,

294 2204 327 2270 ¹¹)
347 2208 428 2259 Redit
446 2206 521 2259 deest
539 2206 569 2258 in
584 2208 645 2258 ΒΜ
652 2203 668 2268 ¹,
688 2206 779 2258 exstat
797 2204 826 2256 in
846 2206 871 2256 R
889 2207 918 2257 et
937 2204 1033 2257 ceteris
1052 2204 1178 2257 omnibus
1197 2203 1299 2269 (redeat
1315 2207 1347 2273 G,
1366 2204 1422 2257 cod.

200 2297 227 2349 B
244 2295 301 2349 iarn
324 2313 350 2364 p.
371 2296 465 2359 120,11
489 2294 572 2348 uerbo
595 2296 838 2347 demonstrabimus
859 2292 940 2358 finit),
966 2292 1008 2346 ita
1031 2294 1063 2346 ut
1086 2292 1159 2346 idem
1182 2292 1265 2345 fuisse
1288 2292 1318 2345 in
1337 2296 1368 2345 X
1388 2294 1425 2346 111

201 2384 424 2439 concludendum.
457 2384 485 2437 P
499 2401 573 2437 man.
593 2385 616 2436 2.
637 2384 706 2436 haec
724 2383 845 2452 supplet:
864 2386 973 2436 rediens
991 2383 1050 2450 (pro
1068 2382 1149 2447 redit)
1171 2384 1325 2435 CCC⁰³LX
1328 2385 1353 2435 V
1368 2387 1425 2435 dies

201 2493 250 2528 ono
269 2492 352 2527 aaran
370 2477 506 2542 trancipit,
526 2473 558 2527 cf.
578 2473 722 2526 Stavereni
740 2473 815 2526 codd.
837 2473 920 2526 ‘Voss
940 2474 999 2525 sec'
1020 2475 1179 2525 descendens
1200 2474 1354 2524 CCCLXV
1368 2475 1425 2525 dies

202 2582 223 2619 a.
243 2582 264 2616 1.
283 2571 318 2616 tr.
337 2565 365 2617 11
384 2563 475 2616 ‘Leid'
494 2567 602 2617 rediens
620 2564 722 2615 LXVI
737 2563 788 2626 (111
802 2561 888 2629 8111.)
908 2566 965 2615 dies
983 2579 1093 2614 carenni
1111 2565 1246 2629 transigit.
1284 2561 1376 2629 aptius
1396 2561 1425 2613 in

202 2669 241 2722 σμ
258 2655 321 2721 post
343 2655 415 2705 redit
434 2652 595 2705 adiunctum
613 2654 655 2704 est
679 2660 702 2704 et
718 2655 858 2705 zodiacum
877 2655 914 2704 ad
932 2655 961 2704 iai
979 2655 1085 2719 siynnrn
1108 2655 1179 2704 aeide
1202 2654 1346 2718 incipiebat
1360 2669 1425 2718 per·

202 2745 318 2796 metitur.
356 2758 406 2795 nec
423 2744 515 2810 potest
533 2740 631 2810 negari
648 2739 780 2794 mutilum
799 2757 856 2794 esse
878 2740 1062 2804 enuntiatum,
1086 2759 1149 2793 cum
1167 2758 1221 2793 non
1240 2741 1324 2795 111111
1342 2743 1424 2796 inter-

202 2831 308 2899 pretari
331 2848 435 2884 annum
458 2829 612 2885 confectum
631 2847 688 2884 esse
707 2833 768 2882 tum
786 2847 848 2883 cunr
867 2829 907 2882 sol
929 2830 959 2883 in
978 2829 1084 2883 aestiuo
1103 2830 1207 2898 tropico
1230 2830 1326 2897 (‘ultra
1344 2850 1427 2899 quem

203 2937 258 2974 non
275 2920 385 2975 transit’
400 2920 472 2989 Hyg.
488 2921 616 2989 112118)
635 2919 790 2974 reuertitur.
830 2919 897 2987 quid
915 2937 980 2974 uero
998 2920 1182 2988 supplendum
1200 2920 1236 2973 sit
1255 2919 1427 2987 (adeundam

202 3027 253 3078 per
271 3011 335 3062 XII
348 3010 444 3078 siynai'
481 3009 514 3064 cf.
534 3026 556 3063 e.
575 3027 602 3078 g.
621 3009 729 3064 Gemin.
748 3027 774 3077 p.
790 3010 843 3062 2ss
862 3051 868 3063 .
889 3052 895 3063 .
915 3006 963 3059 ἀπὸ
982 3014 1025 3059 τοῦ
1044 3005 1122 3059 αὐτοῦ
1140 3008 1243 3079 σημείου
1264 3007 1303 3059 ἐπὶ
1320 3009 1347 3059 τὸ
1367 3006 1426 3059 αὐτὸ

203 3103 309 3169 σημεῖον
332 3095 541 3159 ἀποκαθίσταται,
565 3099 672 3152 Censor.
694 3098 775 3164 19,1),
803 3115 834 3152 10
857 3099 947 3166 magis
974 3101 1015 3152 est
1043 3099 1165 3163 dubium,
1194 3099 1267 3167 quod
1294 3117 1350 3152 non
1376 3100 1428 3152 hoc

203 3189 290 3242 solum
319 3188 428 3253 excidit,
456 3188 504 3242 sed
526 3189 615 3241 multo
643 3189 724 3256 plura
746 3188 779 3242 de
803 3188 889 3253 annis,
918 3189 949 3242 cf.
975 3205 1046 3256 quae
1072 3188 1162 3253 initio,
1187 3189 1235 3242 ubi
1253 3192 1428 3258 conspectum

204 3277 284 3345 quasi
302 3277 388 3330 totius
406 3277 471 3331 libri
490 3279 611 3345 praebet,
630 3278 698 3332 dicit
717 3277 752 3345 (p.
773 3278 815 3340 21,
838 3278 967 3344 17-20);
988 3278 1114 3331 ‘diximus
1133 3278 1226 3343 ctiam,
1247 3295 1303 3345 qua
1321 3279 1428 3332 ratione

204 3367 306 3435 priores
325 3366 457 3437 astrologi
475 3385 531 3421 non
545 3367 640 3421 eodem
659 3371 781 3435 tempore
795 3367 876 3435 signa
894 3370 923 3420 11
936 3368 1056 3435 reliquas
1075 3367 1169 3420 stellas
1184 3369 1287 3421 reuerti
1301 3368 1428 3432 dixerint,

205 3459 234 3510 et
252 3472 337 3524 quare
355 3457 449 3510 Meton
468 3456 680 3526 diligentissime
698 3457 854 3510 obseruasse
873 3455 1010 3520 uideatur,
1028 3459 1057 3509 et
1076 3456 1143 3524 quid
1161 3456 1280 3524 reliquos
1299 3458 1429 3512 fefellerit

205 3545 235 3599 111
258 3545 354 3600 cadem
377 3547 477 3599 causa'.
514 3546 625 3615 Hygino
649 3546 736 3615 igitur
759 3546 891 3613 probatur
908 3546 1027 3599 Metonis
1049 3545 1178 3613 (quocum
1197 3547 1282 3600 etiarn
1301 3565 1334 3601 ea
1352 3548 1381 3600 in
1400 3565 1430 3601 re

205 3635 274 3689 11111
293 3635 366 3703 quod
384 3653 488 3688 annum
507 3653 524 3688 a
539 3636 642 3690 Cancro
660 3634 770 3704 incipit)
789 3633 877 3689 annus
896 3653 1022 3704 magnus,
1042 3635 1059 3688 i.
1075 3652 1096 3688 e.
1112 3637 1204 3704 cyclus
1222 3636 1270 3690 ille
1289 3637 1429 3691 decemno-

205 3724 332 3778 uennulis
357 3724 392 3777 ad
416 3724 481 3778 anni
505 3725 600 3778 solaris
623 3729 652 3778 et
675 3725 779 3779 lunaris
802 3723 990 3778 discriminum
1018 3725 1241 3793 conparationem
1265 3727 1430 3794 conpositus.

205 3814 279 3867 hunc
297 3832 364 3867 num
383 3815 456 3868 reete
475 3813 632 3867 distinxerit
650 3833 667 3868 a
684 3814 805 3867 maximo
824 3831 906 3882 quem
919 3814 1081 3868 Aristoteles
1099 3815 1167 3868 dicit
1181 3814 1329 3881 (Censorin.
1343 3814 1430 3882 18,11)

207 3920 278 3956 anno
297 3903 480 3970 planetarum,
505 3920 538 3956 11
556 3903 646 3957 uerbis
666 3904 724 3957 eius
742 3921 798 3957 non
816 3903 884 3958 satis
902 3903 1074 3972 perspicitur.
1111 3904 1158 3957 sed
1176 3904 1199 3956 si
1218 3904 1352 3957 Isidorum
1371 3905 1389 3958 l.
1409 3923 1430 3959 c.

206 4010 233 4060 p.
250 3993 309 4058 ib,5
324 4009 381 4059 sqq.
403 3991 438 4045 ad
457 3992 523 4045 anni
541 3993 638 4061 magni
657 3993 684 4057 (i.
704 4010 726 4046 e.
746 3992 871 4052 1111111111)
890 3992 1077 4046 definitionem
1096 3992 1220 4045 uidemus
1239 3993 1338 4047 addere
1356 4013 1432 4064 quern

208 4099 311 4135 annam
328 4084 461 4149 antiqui
478 4084 676 4136 andeniresfino
689 4101 762 4134 anno
773 4085 853 4148 finiri
866 4085 909 4134 nei
924 4084 1071 4148 adimpleri
1088 4084 1224 4150 dixerant,
1248 4083 1365 4151 suspicio
1379 4083 1431 4137 101·-

208 4170 281 4224 sitan
309 4171 415 4224 oriatur
443 4171 576 4225 Isidorum
604 4173 655 4225 hoc
682 4189 791 4240 quoque
818 4172 929 4240 Hygino
957 4172 1096 4224 Metonenr
1123 4172 1250 4238 sequenti
1278 4173 1374 4226 debere
1404 4176 1432 4226 et
1524 4241 1526 4245 y

208 4262 357 4327 utrumque
380 4279 484 4314 annam
507 4264 556 4314 aut
579 4261 670 4329 ipsum
698 4264 747 4314 aut
770 4261 876 4330 Hygini
904 4262 1027 4329 exemplo
1055 4261 1247 4328 perturbatum
1272 4261 1431 4325 confudisse,

209 4349 311 4403 Isidoro
329 4349 417 4419 igitur
436 4350 577 4419 integrum
595 4350 737 4418 Hyginum
757 4349 792 4404 ad
810 4367 908 4402 manus
927 4350 1010 4404 fuisse
1028 4351 1123 4418 postea
1140 4351 1311 4405 mutilatum.

302 4454 336 4522 11)
355 4456 493 4524 Sphaerae
511 4457 699 4510 definitionem
718 4475 739 4510 1.
762 4459 794 4510 12
813 4476 839 4526 p.
860 4458 920 4522 27,6
939 4476 998 4526 sqq.
1018 4458 1141 4527 inspecto
1161 4459 1271 4527 Hygino
1291 4459 1328 4529 (p.
1343 4459 1432 4525 2211)

210 4544 245 4598 ab
259 4545 361 4599 Isidoro
381 4546 553 4614 conpositam
572 4563 629 4600 esse
647 4545 696 4599 uix
713 4546 783 4599 mihi
801 4546 989 4615 persuadeam.
1022 4565 1111 4615 neque
1130 4566 1152 4603 1.
1167 4550 1183 4601 o
1202 4548 1284 4603 initio
1304 4548 1346 4616 (cf.
1362 4549 1434 4617 Hyg.

209 4651 236 4702 p.
256 4633 334 4699 2213
354 4634 404 4703 sq.)
423 4634 534 4689 uidetur
552 4635 583 4689 in
602 4654 681 4690 usum
700 4638 814 4690 uocatus
832 4653 897 4691 esse.

1222 4727 1257 4783 5⁸
