3254 5040
791 294 832 356 31

195 489 273 554 inA
295 494 370 574 post
392 491 552 554 solatrum
575 492 707 571 propter
731 483 973 551 similitudinem
995 484 1174 550 litterarum
1199 481 1320 548 excidit
1342 504 1423 563 cros,

197 601 230 660 et
256 617 398 660 alaeam
427 596 547 660 laecum
576 613 617 659 ex
640 591 810 657 Harleiani
837 590 963 656 librarii
990 611 1079 656 more
1107 597 1291 675 corruptum
1319 589 1426 654 estin

192 704 379 783 amerclem,
413 721 486 766 cum
515 701 542 765 0
566 707 701 783 utroque
733 699 805 764 loco
833 699 1008 781 genuinam
1038 697 1210 763 lectionem
1238 695 1426 762 seruauerit.

197 807 249 874 his
282 807 368 873 adde
399 807 525 872 leuiora
558 805 680 872 codicis
708 806 738 869 A
767 805 887 870 menda
919 824 1003 889 quae
1033 805 1059 869 0
1088 803 1218 886 uitauit,
1252 825 1280 870 e.
1304 823 1336 886 g.
1361 799 1424 866 31

193 935 339 979 caessara
361 923 397 978 at
418 913 457 979 cf.
486 934 517 998 p.
544 915 599 994 193
628 914 648 978 5
679 918 754 977 ante
776 917 920 996 formem
947 911 1031 976 falso
1060 911 1214 976 insertum
1242 913 1287 994 cle,
1314 908 1425 994 paullo

65 1100 70 1113 .
197 1019 282 1084 infra
305 1023 386 1104 qaod
401 1025 490 1104 fecto
505 1040 564 1104 pro
580 1041 640 1108 qao
657 1023 755 1103 secto,
784 1021 824 1083 lh
846 1027 903 1084 out
920 1020 1048 1103 pieioha
1071 1015 1129 1083 49
1153 1040 1222 1082 aera
1245 1037 1303 1102 pro
1326 1037 1425 1096 nemo,

202 1129 242 1193 10
259 1131 415 1211 phoreim,
443 1131 483 1193 12
507 1149 569 1193 eoo
592 1146 653 1211 pro
674 1148 747 1191 ooo.

288 1248 380 1328 Quae
403 1252 437 1316 in
463 1252 489 1317 C
516 1257 645 1318 exstant
667 1249 758 1334 uitia,
786 1248 918 1314 dubium
931 1256 992 1322 est
1014 1258 1119 1314 utrum
1149 1248 1272 1314 codicis
1296 1248 1361 1314 sint
1384 1266 1427 1310 an

195 1356 326 1441 Cyriaci
349 1378 391 1422 an
415 1357 485 1424 eius
513 1357 568 1441 qui
597 1357 841 1423 commentarios
866 1357 936 1422 eius
964 1356 1144 1441 exscripsit.
1179 1376 1256 1420 nam
1279 1353 1427 1438 quamuis

199 1464 299 1548 probe
314 1472 347 1529 et
371 1463 545 1547 diligenter
558 1463 778 1529 Anconitanus
802 1462 857 1528 ille
880 1463 963 1528 haec
987 1461 1169 1547 fragmenta
1192 1461 1426 1547 perscripserit,

199 1590 263 1635 non
286 1570 344 1635 illa
367 1591 464 1654 quam
486 1571 584 1636 hodie
606 1570 792 1656 profitemur
815 1571 950 1656 deputata
973 1590 1051 1636 usus
1073 1570 1249 1655 praecipue
1272 1575 1427 1653 quantum

199 1675 244 1741 ad
258 1677 522 1763 orthographiam
544 1678 661 1743 attinet
676 1697 755 1743 suae
769 1677 890 1743 aetatis
898 1675 1131 1742 consuetudini
1154 1676 1315 1741 interdum
1331 1675 1425 1758 quasi

199 1782 320 1849 inuitus
343 1785 487 1851 inseruit.
533 1785 622 1850 uelut
645 1785 679 1849 in
702 1785 845 1868 Aquario
871 1784 1073 1851 Gcaimedem
1096 1783 1193 1849 facile
1217 1783 1353 1867 Cyriaco
1377 1786 1425 1846 at·

196 1889 334 1968 tribuas,
368 1891 488 1976 quippe
516 1891 569 1974 qui
597 1892 631 1955 in
647 1892 766 1957 uerbis
798 1911 883 1974 quae
912 1891 943 1956 ei
973 1890 1095 1957 scholio
1128 1888 1278 1975 praefixit
1311 1886 1427 1955 eadem

199 1995 431 2081 orthographia
455 2017 532 2063 usus
557 1998 613 2063 sit:
637 2017 832 2081 quamquam
854 1998 931 2062 inA
946 1996 1016 2080 (12)
1039 1997 1121 2063 haec
1144 2017 1209 2062 uox
1230 1996 1354 2083 pariter
1376 1996 1426 2061 bis

200 2102 322 2187 scripta
345 2112 394 2170 est
418 2102 513 2186 (ofili
539 2107 578 2171 18
602 2105 716 2181 lirum).
762 2106 908 2170 Pelidiete
929 2102 952 2168 4
976 2107 995 2169 3
1019 2125 1078 2190 pro
1102 2106 1259 2188 Polydecte
1283 2103 1339 2184 (A)
1364 2101 1426 2167 for·

197 2215 290 2275 tasse
317 2209 439 2275 iamin
463 2211 592 2295 Cyriaci
620 2211 732 2276 codice
762 2210 830 2296 fuit,
858 2210 974 2277 litteris
997 2214 1009 2275 i
1033 2218 1103 2276 ete
1132 2211 1215 2276 inter
1239 2230 1274 2276 se
1296 2216 1428 2294 propter

198 2314 444 2382 similitudinem
468 2318 669 2397 confusis¹¹).

288 2441 452 2508 Nonnulla
474 2442 592 2508 menda
616 2462 725 2507 eorum
749 2462 833 2526 quae
856 2442 935 2507 inA
958 2449 1127 2508 occurrunt
1151 2441 1315 2508 simillima
1339 2447 1426 2506 sunt:

200 2545 265 2613 32
296 2551 330 2612 io
359 2547 577 2632 Syrio<ra>
610 2551 659 2632 od,
692 2546 757 2614 83
790 2558 928 2634 ereptam
955 2573 975 2614 o
997 2549 1105 2614 littera
1129 2573 1149 2614 o
1179 2569 1350 2633 perperam
1381 2547 1428 2611 in·

201 2660 287 2718 serta
312 2653 364 2734 (cf.
388 2676 419 2739 p.
445 2659 540 2721 1911.
568 2658 630 2738 ll),
655 2653 735 2720 311
761 2658 977 2738 aequinoctiale
1000 2664 1037 2736 et,
1066 2652 1132 2720 43
1154 2676 1321 2738 corporeum
1344 2676 1364 2718 o
1387 2653 1427 2718 cf.

199 2779 231 2841 p.
246 2761 298 2843 20,
322 2757 342 2822 3
360 2763 401 2826 14
412 2783 413 2786 ¹
424 2764 525 2846 cupali
537 2782 595 2846 pro
610 2764 751 2846 scopulis,
776 2763 940 2827 collocetur
952 2780 1011 2846 pro
1025 2764 1195 2828 collocatus.
1225 2762 1267 2826 ib.
1284 2763 1325 2827 10
1347 2763 1427 2825 ideo-

202 2885 259 2948 qae
280 2886 338 2949 pro
362 2869 430 2932 ideo
453 2871 542 2952 quod,
571 2888 767 2951 quamquam
790 2866 820 2933 h.
843 2867 864 2933 l.
892 2865 1031 2935 fortasse
1059 2868 1088 2934 is
1112 2868 1168 2952 qui
1192 2867 1320 2952 Cyriaoi
1344 2887 1428 2934 oom-

198 2971 376 3038 mentarios
398 2973 589 3059 perscripsit
616 2974 798 3059 conpendia
821 2975 905 3041 inter
928 2994 964 3040 se
987 2973 1141 3041 confudit
1188 2974 1303 3040 eadem
1326 2975 1427 3039 oritur

201 3077 344 3162 suspicio
359 3076 381 3142 4
398 3083 438 3146 15
461 3079 517 3146 ubi
538 3084 687 3146 diuiditur
709 3102 767 3166 pro
792 3081 899 3147 actiuo
924 3081 1079 3166 scriptum
1102 3093 1152 3147 est
1166 3079 1346 3166 conpendio
1371 3080 1427 3146 ad-

201 3182 278 3249 dito.
323 3184 445 3251 ibidem
470 3195 544 3272 post
572 3190 693 3254 hecata
720 3188 857 3273 inrepsit
885 3191 927 3254 ia.
954 3186 1020 3254 41
1051 3195 1127 3253 ante
1150 3212 1170 3253 o
1198 3187 1351 3253 omissum
1380 3196 1429 3254 est

200 3293 274 3357 tom.
289 3292 440 3359 —Haec
463 3314 535 3359 cum
558 3293 662 3360 codici
684 3294 795 3359 malim
818 3295 977 3380 inputare,
1001 3294 1068 3360 alia
1091 3295 1186 3360 abeo
1210 3292 1429 3360 abiudicanda

201 3396 360 3484 uidentur,
382 3406 418 3464 ut
441 3399 466 3463 Θ
490 3401 703 3485 conpendium
724 3421 783 3485 pro
806 3404 937 3468 areolos
960 3401 981 3465 3
1007 3404 1057 3486 14,
1081 3400 1129 3467 ¹de
1152 3401 1268 3483 quibus
1292 3400 1429 3484 singulis

203 3502 387 3589 disceptare
416 3506 548 3591 longum
576 3509 683 3590 est12).
731 3507 791 3574 sed
815 3529 886 3574 cum
910 3529 950 3573 ex
982 3508 1105 3574 codicis
1133 3508 1162 3572 A
1196 3508 1427 3592 conparatione

202 3611 329 3679 eluceat
357 3613 529 3697 Oyriacum
560 3615 715 3681 lectiones
748 3615 801 3680 uel
833 3615 1020 3680 minutiores
1050 3620 1089 3680 et·
1114 3621 1226 3698 aperte
1259 3620 1427 3697 corruptas

203 3736 366 3802 seruasse,
398 3719 503 3786 minus
536 3720 649 3804 opinor
672 3722 862 3805 errabimus,
897 3721 926 3786 si
957 3720 1113 3786 maiorem
1144 3720 1273 3785 illorum
1302 3727 1429 3804 partem

203 3822 267 3907 ipsi
290 3823 395 3890 codici
418 3825 617 3892 Uercellensi
639 3827 868 3912 inputabimus.
1287 3832 1293 3841 '

293 3947 360 4013 Sed
391 3948 434 4013 ad
465 3949 701 4016 inlustrandam
727 3951 944 4017 Uercellensis
975 3951 1063 4017 illius
1096 3950 1319 4017 condicionem
1351 3948 1424 4033 plus

204 4053 372 4120 conferunt
403 4057 504 4122 uerba
537 4077 620 4140 quae
652 4057 740 4142 apud
774 4057 944 4142 (tyriacum
978 4057 1022 4122 ad
1052 4057 1149 4122 finem
1180 4057 1353 4138 fragmenti
1386 4053 1427 4118 de

203 4160 322 4227 Perseo
354 4162 506 4246 leguntur
535 4163 667 4230 ‘diutius
695 4185 735 4229 ea
763 4164 902 4231 aduerso
934 4186 999 4231 non
1030 4171 1159 4251 poterat
1187 4160 1300 4244 uideri,
1332 4179 1429 4241 quam

202 4300 416 4320 ...φ-,α-

295 4373 332 4443 ¹¹)
351 4376 385 4431 cf.
404 4395 430 4446 p.
450 4377 492 4431 20.
514 4405 546 4414 -
566 4378 600 4431 de
618 4379 741 4431 excitetis
759 4395 808 4446 pro
827 4381 956 4431 occaecatis
974 4376 991 4431 4
1010 4379 1043 4431 13
1062 4395 1090 4430 u.
1109 4395 1135 4445 p.
1155 4376 1198 4428 24.

296 4481 332 4551 ¹¹)
357 4483 436 4538 Certe
459 4484 558 4538 codicis
581 4502 635 4538 non
659 4486 713 4549 est,
743 4484 790 4538 sed
817 4484 932 4537 fortasse
955 4483 1070 4538 Oliuerii
1098 4480 1166 4541 αιδος
1194 4476 1298 4547 graecis
1326 4474 1429 4528 litteris

204 4575 355 4627 exaratum.
392 4591 418 4628 u.
438 4577 495 4627 not.
515 4574 550 4628 ad
568 4570 585 4627 3
606 4574 648 4628 12.
