3254 5040
756 301 798 370 75

254 499 388 565 0616166
415 506 526 583 partos
554 498 669 564 eodem
696 520 758 582 quo
786 501 822 562 M
845 497 957 562 ordino
982 499 1007 563 S
1029 497 1178 582 continet,
1208 497 1270 563 nisi
1300 497 1386 581 quod

163 613 239 692 post
269 610 308 672 12
337 613 369 672 61
400 610 440 672 13
472 606 625 671 66666116
657 607 791 671 16661611
822 615 865 687 (6.
895 605 1038 690 epimetr.
1066 604 1141 670 adn.
1172 608 1221 690 10,
1249 605 1388 670 Bursian

164 713 271 779 annal.
294 713 403 798 pbilol.
428 715 470 778 93
494 734 524 799 p.
549 715 641 796 787);
665 716 695 777 Ρ
714 713 844 798 Hygino
868 712 1013 779 adnectit
1036 733 1082 779 co.
1110 714 1283 779 161116
1308 715 1387 793 (1616

165 820 233 886 6116
256 826 440 905 sequuntur,
462 841 491 887 u.
516 820 643 904 Hasper
667 820 759 906 ‘Hyg.
781 820 906 906 philos?
930 841 960 905 p.
979 822 1042 900 10).
1091 819 1256 886 Ciceronis
1274 820 1386 885 Arate·

166 949 254 993 orum
283 926 385 992 codex
413 928 443 992 A
474 926 572 993 babet
600 949 658 993 cc·
676 930 858 994 14-17.19
896 926 1038 1006 (adiecta
1069 927 1241 1011 planetarii
1270 926 1387 1012 effigie,

166 1057 194 1103 6.
219 1035 338 1118 Vogels
361 1033 382 1099 1.
405 1055 432 1102 6.
456 1055 486 1119 p.
511 1037 531 1101 6
560 1040 592 1101 et
624 1034 708 1100 infra
737 1034 810 1100 adn.
838 1036 904 1115 35).
958 1041 1024 1101 tres
1056 1034 1119 1100 bae
1149 1041 1270 1120 partes,
1304 1054 1388 1118 quae

165 1141 284 1227 optime
308 1141 508 1226 cumprime
531 1141 712 1227 cohaerent,
736 1149 841 1207 utrum
863 1162 928 1207 nna
952 1161 1024 1206 6616
1038 1162 1079 1208 66
1102 1142 1167 1207 sint
1189 1142 1387 1227 conpositae,

164 1270 205 1314 an
238 1254 336 1314 antea
364 1248 505 1334 scriptae
531 1248 588 1314 1116
616 1270 700 1314 6666
733 1270 805 1314 6661
833 1269 873 1314 66
900 1248 1067 1333 conflatae,
1101 1270 1143 1315 an
1170 1255 1286 1334 postea
1315 1269 1387 1314 curn

163 1355 268 1442 prima
290 1355 324 1420 in
346 1376 444 1421 unum
468 1355 653 1440 coaluerint,
678 1355 857 1421 diiudicare
880 1377 943 1421 non
967 1355 1081 1422 audeo.
1127 1377 1186 1422 nec
1209 1362 1318 1422 tamen
1341 1356 1387 1421 ita

165 1463 264 1528 166116
287 1469 361 1548 post
384 1484 413 1528 a.
438 1466 501 1530 793
530 1464 614 1528 hanc
641 1463 790 1548 syllogen
818 1469 921 1529 ortam
950 1483 1023 1529 esse
1051 1462 1127 1529 inde
1155 1463 1271 1548 elucet,
1300 1463 1387 1546 quod

165 1570 199 1635 in
220 1572 264 1655 M,
292 1570 346 1654 qui
370 1569 472 1636 codex
496 1577 546 1637 est
569 1570 692 1636 saeculi
715 1571 755 1655 X,
784 1570 942 1654 genuinus
966 1569 1045 1635 ordo
1073 1571 1138 1635 iam
1166 1572 1312 1636 turbatus
1337 1577 1387 1636 est

166 1680 338 1763 61661113
363 1676 554 1743 1616161616
578 1678 740 1762 omissum,
764 1698 835 1743 oum
859 1683 1024 1744 seruatum
1048 1679 1090 1743 sit
1113 1678 1219 1762 16Ρ8,
1244 1684 1276 1742 et
1299 1677 1387 1760 quod

166 1783 197 1869 S,
221 1784 276 1868 qui
299 1783 431 1850 easdem
454 1805 536 1868 quas
559 1788 598 1849 M
618 1823 660 1833 -
683 1792 814 1869 praeter
836 1785 973 1870 primam
999 1792 1124 1870 partem
1148 1823 1190 1832 -
1215 1791 1247 1850 et
1272 1784 1386 1850 eodem

164 1890 276 1956 ordine
307 1892 449 1957 continet
481 1891 826 1979 commentationes³⁵),
858 1900 933 1977 post
967 1897 1006 1960 13
1039 1914 1109 1958 6616
1138 1892 1204 1957 alia
1231 1892 1386 1958 nonnulla

164 1997 257 2063 addit
279 2005 347 2064 tum
369 1999 512 2064 libellum
526 1999 696 2085 quendam,
720 2000 774 2083 qui
789 2000 920 2066 saeculo
944 1999 1011 2066 1616
1029 2021 1112 2066 6666
1132 1999 1238 2065 medio
1259 1999 1387 2065 uidetur

164 2106 350 2190 conpositus
375 2107 506 2189 esse³⁶),
533 2107 637 2172 11661
661 2107 784 2173 codicis
807 2111 845 2172 M
866 2107 1023 2192 syllogen,
1051 2107 1204 2173 66161116
1228 2127 1387 2173 commen-

163 2213 244 2279 tatio
268 2213 302 2277 in
325 2232 365 2278 ea
388 2212 481 2298 desit,
509 2221 585 2279 ante
614 2214 684 2280 eius
714 2221 855 2280 aetatem
883 2214 949 2280 iarn
973 2222 1075 2280 ortam
1098 2234 1172 2281 esse
1200 2214 1385 2282 concludas.

164 2319 292 2404 singula
320 2319 349 2385 si
376 2328 567 2407 spectamus,
595 2322 691 2387 tertia
715 2329 747 2388 et
775 2328 891 2406 quarta
913 2343 991 2408 pars
1020 2343 1060 2387 ex
1083 2322 1181 2387 Plinii
1203 2323 1265 2390 NH
1287 2322 1387 2408 fluxit,

164 2427 266 2493 etita
293 2426 424 2510 quidem
451 2436 486 2495 ut
508 2430 604 2495 tertia
628 2450 668 2495 ex
696 2429 837 2495 secundo
865 2430 947 2495 libro
971 2428 1017 2516 (ΙΙ
1044 2432 1385 2511 12.32-42.59-84)

164 2540 359 2619 -praeter
383 2555 408 2601 c.
437 2538 477 2602 19
506 2536 592 2620 quod
616 2558 657 2602 ex
680 2538 745 2602 alio
768 2536 856 2602 16616
880 2536 995 2602 eadem
1025 2537 1092 2602 1616
1115 2537 1213 2602 habet
1236 2557 1319 2620 quae
1346 2539 1386 2603 15

164 2644 217 2722 (=
242 2641 324 2709 Plin.
347 2641 380 2705 Il
403 2643 446 2707 83
470 2646 531 2726 sq.)
556 2680 599 2692 -
623 2651 775 2729 excerpta
803 2644 853 2728 sit,
882 2650 996 2727 quarta
1023 2644 1097 2709 libri
1124 2644 1234 2708 XVIII
1261 2649 1386 2728 partein

165 2754 341 2815 extremam
365 2747 452 2828 (inde
475 2770 496 2814 a
519 2753 539 2831 ξ
564 2752 641 2830 310)
671 2750 715 2815 ad
740 2752 874 2816 uerbum
902 2751 969 2816 1616
998 2751 1158 2818 exhibeat.
1205 2771 1387 2834 1166611616

165 2855 279 2922 eodem
302 2855 358 2921 illo
388 2877 473 2922 anno
502 2859 566 2923 793
595 2857 761 2923 666166166
789 2858 853 2923 6161
882 2858 1038 2924 1116611616
1067 2878 1140 2925 6666
1166 2858 1233 2923 iam
1261 2855 1387 2941 dixi³⁷).

255 3091 290 3161 δῦ)
309 3093 431 3148 Tertiam
450 3096 479 3147 et
497 3097 625 3161 quartam
644 3096 752 3162 partem
772 3093 857 3158 (6166
875 3110 947 3161 quae
965 3092 1129 3162 sequuntan
1147 3111 1210 3147 cum
1228 3093 1284 3147 fere
1297 3095 1388 3146 totam

164 3181 250 3237 etiam
263 3183 346 3237 codex
359 3185 384 3235 Α
403 3182 531 3252 inspersis
551 3183 613 3237 aliis
628 3186 656 3237 61
670 3183 764 3237 ordine
783 3185 892 3237 mutato
910 3183 1060 3245 contineat,
1079 3183 1129 3236 has
1142 3182 1253 3250 quidem
1268 3182 1386 3251 sylloges

163 3272 330 3341 pontesiam
349 3274 414 3326 ante
432 3289 495 3326 eum
514 3272 651 3327 exstitisse
668 3273 742 3326 ultro
760 3273 900 3341 probatur.
937 3272 1037 3327 tert-iae
1056 3272 1143 3340 partis
1162 3272 1255 3340 capita
1274 3289 1345 3340 quae
1361 3275 1386 3324 A

164 3362 287 3416 eontinet
309 3360 356 3428 (de
379 3361 475 3416 ceteris
498 3361 627 3428 616116)
650 3362 782 3430 expressit
800 3362 901 3431 Vogels
924 3362 955 3415 in
977 3378 1067 3431 progr.
1087 3360 1295 3415 Crefeldensia.
1316 3362 1385 3416 1887

164 3450 283 3505 ‘Scholia
300 3450 403 3506 16016.
423 3451 553 3505 Aratea.
573 3490 579 3503 .
599 3453 650 3504 etc.
671 3492 677 3505 .
696 3491 702 3504 .
723 3452 789 3504 Pars
807 3451 842 3504 Il'
862 3469 888 3520 p.
909 3450 1044 3504 VII-IX.

254 3537 292 3608 86)
313 3539 465 3609 Ἑ1166111116
488 3540 533 3594 661
557 3539 692 3609 expositio
715 3540 835 3608 compoti
853 3539 953 3594 Herioi'
979 3539 1012 3593 de
1036 3556 1090 3607 quo
1108 3557 1134 3592 u.
1154 3557 1238 3609 supra
1260 3539 1322 3594 adn.
1343 3540 1387 3594 29.

163 3629 211 3684 sed
232 3629 264 3684 in
281 3629 372 3685 codiee
394 3629 459 3684 huic
481 3629 565 3683 titulo
585 3647 602 3683 6
620 3647 704 3683 mann
726 3628 830 3683 recenti
853 3628 1021 3698 adscriptum
1046 3631 1088 3682 est
1106 3632 1156 3683 Est
1173 3632 1311 3698 Hilpers‘ci
1328 3633 1386 3684 Mo-

163 3721 245 3773 norbi
262 3722 289 3773 S.
310 3722 392 3773 Galli.

255 3805 290 3872 87)
314 3809 440 3862 Fortasse
461 3808 563 3862 tertiae
585 3808 672 3876 partis
695 3807 796 3877 origini
820 3807 984 3862 statuendae
1007 3806 1131 3876 aliquam
1155 3826 1251 3862 ansam
1273 3809 1387 3878 praebet

163 3897 283 3967 epistula
310 3896 421 3950 Alouini
454 3895 516 3964 (103
548 3896 703 3963 0116111161)
731 3914 756 3950 6.
785 3897 836 3950 798
870 3897 905 3950 ad
932 3914 1025 3966 regem
1051 3897 1130 3962 data,
1165 3915 1221 3965 qua
1249 3898 1282 3951 de
1309 3898 1387 3952 66116

163 3986 307 4041 6161161616
321 3985 473 4039 errantium
487 4004 567 4040 66166
582 4005 599 4040 6
613 3986 709 4041 061616
727 3987 915 4055 interrogatus
934 3985 1014 4054 petit,
1034 3989 1066 4040 ut
1084 3986 1137 4039 sibi
1156 3986 1233 4040 libris
1253 3987 1386 4041 destituto

163 4075 288 4130 mitteret
305 4075 459 4140 nonnullos,
479 4075 579 4142 quibus
597 4075 748 4129 instructus
762 4075 787 4129 ei
801 4075 985 4145 responderet,
1004 4078 1032 4129 et
1051 4076 1171 4129 Bedam
1191 4076 1303 4144 quidem
1317 4076 1384 4139 (scil.

163 4164 221 4219 eius
240 4165 418 4219 denatura
436 4182 544 4219 rerum
563 4166 591 4218 et
609 4181 692 4231 quem
705 4164 778 4218 infra
795 4164 855 4233 ipse
873 4165 962 4219 adfert
980 4164 1018 4219 de
1036 4165 1248 4234 temporibus
1265 4166 1386 4232 libellos)

163 4257 192 4309 et
209 4253 316 4307 Plinii
334 4253 436 4308 librum
449 4254 477 4308 Π
495 4253 637 4321 (16166116
655 4254 733 4307 nobis
752 4247 870 4323 dirigere
888 4253 1013 4323 primos
1032 4255 1152 4323 praefati
1169 4255 1287 4309 doctoris
1300 4254 1386 4308 Plinii

163 4343 279 4398 Secundi
311 4342 450 4410 libellos’).
496 4346 591 4397 tamen
622 4359 657 4396 ne
687 4342 805 4397 inertiae
837 4346 1021 4409 accusaretur,
1051 4345 1139 4412 ‘quasi
1169 4343 1241 4397 nihil
1272 4345 1386 4398 haberet

162 4432 314 4502 repositum
331 4432 362 4486 in
380 4436 483 4486 secreto
501 4432 649 4486 memoriae
668 4431 810 4497 cubiculo,
830 4432 965 4487 nonnulla
983 4433 1016 4487 de
1034 4433 1069 4486 iis
1087 4434 1167 4487 rebus
1187 4435 1228 4487 ‘ex
1246 4433 1384 4487 memoria'

162 4521 273 4590 profert,
304 4520 461 4591 ‘pleniorem
484 4521 508 4574 si
530 4521 601 4576 forte
624 4538 691 4590 opus
714 4521 768 4575 erit
790 4521 992 4590 responsionem
1016 4522 1052 4576 ad
1075 4522 1212 4590 praefatos
1243 4523 1385 4577 doctorum

161 4609 244 4666 libros
268 4611 425 4665 reseruans'.
461 4611 576 4665 16116666
594 4610 683 4680 igitur
700 4609 833 4665 Alcuinus
851 4611 902 4665 ills
920 4610 1041 4680 epistula
1058 4611 1131 4680 regis
1149 4614 1301 4666 commotus
1319 4628 1382 4666 cum
