3254 5040
702 906 844 991 Caput
874 907 930 972 Ill.

515 1045 566 1112 lte
589 1047 733 1132 Hygino
756 1064 802 1112 ex
833 1052 869 1115 Υ
887 1047 1114 1113 emendando.

289 1206 392 1273 Huius
409 1207 610 1290 quaestionis
625 1206 723 1273 cardo
747 1207 884 1273 uertitur
896 1208 930 1272 in
944 1209 1053 1274 uerbis
1076 1208 1142 1273 iam
1158 1228 1233 1293 pag.
1249 1212 1269 1274 2
1282 1209 1429 1277 laudatis

199 1322 231 1378 et
248 1323 358 1398 posteo
379 1318 413 1379 in
435 1319 531 1398 ipsios
554 1319 711 1398 <styma
734 1318 917 1394 dicdum>
942 1314 999 1398 (lo
1023 1314 1066 1401 8),
1090 1315 1206 1398 quibus
1230 1316 1375 1383 codicem
1403 1320 1435 1382 Y

200 1440 305 1503 neque
331 1420 472 1505 pendere
500 1441 542 1486 ex
568 1425 611 1500 X,
640 1421 673 1485 in
701 1441 764 1504 quo
792 1421 850 1486 illa
873 1423 974 1487 uerba
1001 1420 1127 1499 desunt,
1157 1424 1372 1506 conprobatur
1396 1431 1433 1490 et

198 1528 302 1593 artius
331 1527 504 1593 cohaerere
532 1548 604 1592 cum
633 1547 672 1593 co
700 1527 821 1612 Hygini
850 1527 1011 1612 exemplo,
1040 1526 1103 1611 quo
1132 1529 1345 1613 interpolator
1370 1530 1428 1595 ille

199 1635 385 1700 Germanioi
399 1635 592 1700 scholiomm
606 1633 844 1700 Basilecusium
867 1654 945 1700 usus
969 1634 1021 1700 sit.
1056 1641 1167 1699 contra
1191 1636 1223 1698 in
1237 1638 1273 1698 X
1285 1637 1427 1719 genuina

200 1741 296 1805 lectio
321 1747 451 1806 seruata
476 1747 526 1806 est
548 1761 579 1807 u.
604 1744 624 1807 5
649 1743 890 1828 qoodrapodom,
915 1741 948 1805 in
971 1741 1001 1804 A
1025 1748 1057 1806 et
1081 1740 1180 1806 schol.
1203 1742 1280 1808 Bas.
1305 1743 1338 1807 in
1361 1747 1427 1809 oo'o

197 1851 324 1912 omitum
346 1853 479 1930 mutata,
503 1845 543 1914 of.
569 1847 731 1931 epitomen
755 1867 852 1930 quam
876 1846 910 1912 O.
924 1847 1045 1913 Robert
1068 1848 1199 1912 uocauit
1222 1848 1427 1934 (τετραπόδων

200 1955 320 2019 Robert
348 1953 367 2017 l.
391 1974 417 2018 c.
440 1975 470 2038 p.
496 1957 634 2036 lunii),
664 1960 696 2018 et
725 1953 849 2019 scholia
877 1954 1173 2037 Sangermanensia
1202 1959 1428 2041 (quadrupedes

199 2061 277 2126 Rob.
300 2059 319 2123 l.
344 2081 370 2126 o.
384 2081 415 2144 p.
433 2063 504 2144 173,
528 2059 635 2125 Germ.
660 2058 710 2126 ed.
725 2060 864 2144 Breysig
886 2081 961 2144 pag.
981 2060 1121 2146 17030).
1167 2070 1305 2146 apparet
1328 2063 1428 2146 igitur
1507 2086 1509 2090 ⁴

170 2163 174 2167 ’
196 2167 344 2233 codicem
372 2169 405 2250 Y,
429 2167 520 2232 cuius
543 2167 699 2231 memoria
722 2164 857 2232 frustulo
882 2167 997 2232 similis
1021 2166 1143 2232 codicis
1168 2167 1300 2234 scholiis
1325 2169 1427 2236 Basil.

197 2281 389 2340 conseruato
419 2273 576 2357 firmatur,
609 2293 833 2355 nonnusquam
862 2271 978 2338 eadem
1005 2273 1059 2337 uia
1088 2294 1108 2338 a
1136 2274 1258 2340 tradita
1287 2275 1427 2341 lectione

196 2381 387 2464 recessisse,
415 2401 479 2463 qua
506 2382 543 2444 X
568 2386 599 2445 et
627 2386 754 2445 nostros
782 2379 905 2463 Hygini
934 2379 1077 2464 codices,
1107 2387 1138 2445 ot
1166 2382 1199 2445 iu
1226 2381 1428 2447 restituenda

198 2487 320 2572 Hygini
342 2487 498 2552 memoria
522 2494 656 2569 utroque
680 2486 827 2570 exemplo
853 2485 1006 2550 utendum
1031 2507 1113 2552 esse.
1161 2486 1248 2552 idem
1271 2489 1427 2573 probatur

161 2656 164 2663 .
197 2592 352 2660 memoria
380 2593 483 2658 ultimi
511 2592 668 2659 enuntiati
696 2593 791 2658 huius
820 2591 944 2670 scholii,
975 2593 1026 2657 cui
1054 2594 1251 2660 restituendo
1274 2597 1342 2660 ΧΥ
1365 2616 1424 2680 pro
1470 2677 1472 2683 Ι

199 2706 258 2767 sua
281 2707 414 2783 uterque
437 2707 529 2783 parte
551 2699 739 2764 inseruiunt.
776 2720 848 2764 cum
873 2699 957 2763 enim
972 2703 1007 2762 Χ
1020 2704 1062 2782 (u.
1078 2702 1110 2779 8)
1134 2707 1221 2765 recte
1246 2702 1426 2767 seruauerit

194 2817 225 2873 ot
249 2812 337 2888 (ante
359 2809 441 2887 onte)
467 2812 499 2870 et
513 2804 634 2889 fiopd),
657 2812 825 2887 utrumque
850 2805 882 2869 in
910 2807 990 2870 Yet
1014 2805 1161 2890 exemplo
1185 2807 1425 2890 interpolatoris

197 2914 391 2981 scholiorum
419 2912 518 2977 Basil.
548 2911 715 2994 omissum,
748 2910 835 2976 idem
863 2912 1063 2976 enuntiatum
1095 2912 1223 2976 laborat
1250 2913 1329 2978 uitio
1358 2914 1424 2978 iam

195 3042 219 3086 a
232 3021 392 3086 Bursiano
407 3025 573 3102 temptato,
598 3018 687 3083 cuius
704 3017 841 3112 sanandi
865 3019 920 3082 uia
936 3016 1076 3083 fortasse
1099 3017 1222 3084 codicis
1242 3020 1423 3103 Yuestigia

195 3127 405 3210 sequentibus
428 3132 527 3211 patet.
573 3124 693 3208 duplex
717 3108 801 3188 enim
825 3126 958 3191 uerbum
981 3133 1119 3208 oportere
1142 3146 1214 3190 oum
1237 3126 1425 3210 offenderet,

194 3235 229 3299 in
267 3233 433 3299 codicibus
475 3231 688 3296 deterioribus
725 3231 886 3296 nonnullis
923 3231 1030 3315 priore
1067 3231 1138 3296 loco
1177 3236 1264 3316 (post
1299 3237 1424 3316 ocyoot)

195 3341 352 3407 omissum
377 3346 435 3423 est,
459 3341 573 3422 quosli
596 3337 744 3420 neglecto
770 3337 882 3403 codice
904 3340 937 3401 D
960 3344 1088 3402 secutus
1113 3345 1172 3405 est.
1211 3346 1322 3404 contra
1345 3340 1424 3404 Bur-

194 3448 317 3531 sianus,
349 3467 421 3512 cum
454 3445 635 3512 sententiae
668 3451 862 3510 structuram
894 3444 1120 3527 neglegentius
1154 3452 1185 3509 et
1216 3447 1321 3510 minus
1350 3466 1424 3511 oon-

193 3556 290 3621 cinne
304 3556 336 3619 in
351 3552 482 3619 modum
501 3551 687 3617 anacoluthi
703 3552 904 3636 conpositam
924 3571 997 3617 csse
1011 3551 1235 3635 intellexisset,
1259 3552 1424 3636 Hyginum

288 3821 308 3888 ¹)
328 3822 385 3876 Hoc
403 3821 516 3874 uerbum
536 3819 571 3873 ad
589 3836 698 3873 sensum
716 3818 898 3872 necessarium
916 3821 958 3872 est
977 3818 1021 3884 (de
1039 3818 1178 3872 infinitiuo
1196 3818 1245 3886 qui
1260 3817 1425 3887 adiungitur

194 3915 294 3966 oenora'
311 3911 344 3965 cf.
363 3927 386 3964 e.
405 3927 432 3979 g.
452 3906 486 3963 22
507 3909 540 3962 14
563 3911 657 3962 uenire
678 3911 815 3976 figurator
839 3907 914 3971 alia).
952 3910 1048 3961 contra
1067 3916 1098 3974 et,
1123 3924 1185 3961 cum
1204 3907 1234 3960 in
1252 3923 1284 3960 eo
1308 3906 1357 3973 qui
1381 3909 1423 3960 est

193 4000 270 4072 apud
288 3997 304 4067 β
327 4015 430 4054 conexu
452 4014 540 4067 paene
563 3997 601 4051 sit
623 3996 798 4065 superfluum,
822 3996 926 4064 optime
949 3995 1024 4050 cadit
1047 3995 1077 4049 in
1097 3995 1201 4065 Hygini
1224 3995 1370 4049 lectionem
1390 4010 1423 4048 ex

200 4091 227 4144 Υ
242 4091 271 4145 et
289 4089 351 4143 Bas.
378 4086 537 4142 restitutam
565 4095 588 4139 et
610 4093 705 4154 posteo
729 4102 783 4152 eqs.
805 4112 835 4121 -
857 4088 887 4137 in
912 4087 1058 4152 Scorpione
1087 4087 1163 4152 siyoo
1191 4084 1264 4151 quod
1282 4084 1344 4137 Bas.
1369 4100 1422 4137 ser·

195 4180 335 4234 uenerunt
358 4175 407 4245 (sic
426 4175 583 4230 Stronziana
605 4191 639 4228 ex
662 4175 810 4242 archetypo
829 4190 931 4251 eorum,
954 4173 984 4226 in
1009 4172 1109 4227 nostris
1128 4171 1327 4226 Basileensium
1346 4171 1422 4226 codd.

196 4269 252 4322 BP
267 4266 341 4336 quod
358 4265 483 4333 sequitur
502 4267 622 4318 diximus
641 4266 706 4317 ante
725 4265 871 4330 Scorpione
889 4262 1004 4332 legitur)
1022 4280 1078 4316 non
1097 4265 1139 4315 est
1157 4261 1335 4329 probandum,
1360 4278 1423 4314 cum

199 4358 234 4412 ab
248 4355 355 4426 Hygini
373 4353 569 4409 consuetudine
587 4353 709 4407 alienum
727 4351 772 4414 sit,
791 4351 838 4405 scd
855 4351 1000 4406 retinenda
1018 4350 1137 4420 uulgata
1148 4349 1238 4404 lectio.
1271 4366 1320 4403 nec
1332 4349 1423 4402 minus

195 4446 375 4501 refutandum
394 4446 436 4498 cst
454 4442 528 4511 quod
546 4439 580 4496 20
599 4443 615 4495 2
634 4442 662 4495 iu
681 4443 708 4494 A
726 4440 830 4510 legitur
848 4459 865 4494 a
884 4444 960 4508 siyno
978 4442 1110 4509 Aquario.
