3254 5040
667 1035 807 1121 Caput
837 1036 899 1102 IV.

430 1177 482 1242 Ite
506 1177 646 1261 Hygino
671 1195 750 1242 cnm
774 1177 911 1243 ‘Arato’
936 1176 1135 1243 coniuncto.

257 1336 377 1404 Aratus
405 1338 525 1403 latinus
553 1338 714 1405 Ciceronis
743 1359 816 1404 cum
843 1337 973 1423 Hygino
1004 1339 1037 1403 in
1065 1360 1163 1404 unum
1195 1338 1393 1417 coniunctus,

169 1444 276 1529 qualis
299 1444 333 1509 in
355 1444 552 1510 Britannicis
577 1444 744 1510 codicibus
767 1445 860 1510 nobis
883 1453 1014 1530 praesto
1039 1451 1098 1524 est,
1128 1446 1208 1511 mire
1232 1444 1394 1528 quadrare

169 1550 297 1617 uidetur
319 1552 352 1617 in
374 1550 480 1617 locum
494 1550 612 1616 Isidori
636 1550 690 1634 (de
704 1558 769 1617 nat.
783 1573 843 1617 rer.
860 1555 922 1635 17),
946 1551 1001 1617 ubi
1024 1551 1158 1616 Aratum
1183 1558 1215 1618 et
1230 1552 1394 1636 Hyginum

171 1677 207 1724 se
237 1657 329 1742 sequi
361 1664 499 1725 testatus
533 1661 662 1740 (Dicant
692 1662 809 1743 antiqui
841 1659 958 1723 Arctus
989 1668 1018 1723 ct
1046 1661 1198 1742 Hyginus)
1231 1658 1395 1743 Hyginum

170 1762 282 1850 solum,
306 1770 339 1830 et
362 1763 405 1829 ad
428 1765 560 1831 uerbum
585 1764 661 1850 fere,
686 1765 839 1831 exscribit
862 1763 978 1850 (usqne
992 1765 1036 1830 ad
1049 1787 1080 1850 p.
1095 1767 1168 1850 34,5
1185 1764 1234 1831 ed.
1248 1765 1394 1842 Becker).

167 1876 275 1956 potest
298 1870 397 1956 igitur
421 1872 566 1956 eogitari,
595 1870 681 1955 quod
704 1870 787 1954 Aug.
811 1870 1046 1937 Reifferscheid
1073 1872 1212 1937 coniecit
1241 1872 1394 1957 (quaesti.

168 1977 299 2044 Sueten.
321 1998 352 2063 p.
366 1981 456 2063 443),
478 1976 637 2044 Isidorum
661 1983 736 2044 ante
760 1978 871 2044 oculos
894 1977 1048 2044 habuisse
1073 1979 1254 2064 exemplum
1278 1979 1325 2043 ita
1348 1979 1395 2043 in·

168 2090 332 2170 structum,
359 2091 395 2150 ut
423 2085 515 2150 Arati
542 2105 671 2150 carmen
700 2090 732 2149 et
759 2084 908 2169 Hyginus
936 2105 1033 2150 unum
1061 2086 1156 2169 quasi
1183 2085 1300 2151 librum
1328 2084 1395 2152 effi-

168 2197 287 2277 cerent,
319 2192 339 2258 i.
368 2212 394 2258 e.
427 2191 569 2256 ‘Aratum
597 2190 741 2276 latinum,
775 2191 826 2256 cui
852 2191 975 2276 Hygini
1007 2193 1206 2259 astronomia
1238 2192 1396 2258 fabularis

168 2298 336 2385 adscripta
368 2297 483 2384 fuerit’,
514 2299 649 2365 Aratum
677 2306 784 2365 autem
811 2298 901 2363 illum
929 2299 1031 2366 fuisse
1062 2320 1191 2365 carmen
1219 2301 1394 2368 Ciceronis.

256 2424 370 2509 Neque
394 2431 444 2490 est
468 2444 525 2490 cur
538 2423 605 2490 tale
629 2423 707 2508 quid
730 2424 852 2489 factum
876 2445 949 2491 esse
972 2425 1132 2504 miremur,
1157 2446 1229 2490 cum
1243 2424 1284 2490 de
1298 2426 1394 2491 rebus

169 2551 253 2615 quae
276 2537 455 2597 tractantur
477 2531 562 2598 inter
583 2536 753 2614 utrumque
767 2550 831 2595 non
845 2530 941 2596 modo
966 2533 1147 2616 conueniat,
1171 2531 1230 2598 sed
1243 2531 1394 2616 Hyginus

62 2711 65 2715 ,
169 2638 202 2703 in
234 2637 445 2723 conponendo
482 2637 564 2703 libro
598 2637 701 2723 ipsius
735 2638 829 2703 Arati
866 2638 960 2722 quasi
993 2639 1109 2704 summi
1145 2639 1259 2705 harum
1290 2658 1395 2704 rerum

169 2744 310 2810 auctoris
339 2744 497 2810 rationem
526 2765 623 2828 quam
649 2745 823 2809 maximam
851 2744 1007 2811 habuerit.
1060 2765 1135 2810 nam
1162 2752 1197 2810 ut
1224 2743 1395 2810 nonnullas

169 2851 238 2917 eius
271 2852 449 2918 sententias
483 2871 565 2935 quas
598 2851 701 2918 falsas
730 2871 804 2918 esse
835 2858 927 2938 putat
955 2852 1137 2936 castigat¹)‚
1169 2853 1217 2918 ita
1250 2852 1396 2935 sequitur

170 2978 242 3024 eum
272 2979 392 3043 magna
425 2979 465 3024 ex
495 2965 589 3044 parte
623 2966 656 3025 et
688 2979 771 3042 quae
808 2958 858 3025 ‘ab
890 2958 990 3025 Arato
1028 2961 1196 3026 obscurius
1230 2958 1325 3024 dicta'
1365 2957 1395 3024 ei

169 3064 336 3156 uidentur,¹
350 3065 487 3151 ‘planius
508 3065 656 3132 ostendit’
683 3069 726 3150 (p.
743 3068 815 3152 221
831 3065 991 3153 Bunte)²).
1027 3066 1125 3133 facile
1147 3066 1245 3150 igitur
1268 3071 1396 3152 poterat

261 3241 280 3312 ¹)
299 3244 332 3297 In
350 3243 520 3314 explicandis
539 3243 625 3314 signis
645 3244 703 3310 (lib.
717 3243 758 3312 ΙΙ)
778 3244 944 3312 aliquotiens
964 3245 998 3298 ab
1017 3261 1049 3299 eo
1067 3244 1170 3299 recedit
1189 3244 1395 3299 Parmeniscum

169 3335 286 3399 secutus,
305 3336 337 3388 ut
356 3332 463 3388 censuit
480 3334 584 3388 Rcbert
602 3332 630 3400 (l.
651 3351 671 3387 c.
692 3351 718 3402 p.
738 3334 790 3387 225
809 3334 879 3401 sqq.)

260 3419 284 3490 ⁹)
303 3422 343 3477 De
362 3424 456 3477 haere
471 3439 552 3492 agere
572 3440 634 3476 cnm
648 3422 754 3476 nonsit
772 3425 903 3487 nostrum,
923 3440 1012 3491 pauca
1030 3426 1125 3476 tamen
1143 3421 1227 3477 liceat
1246 3422 1393 3492 attingere.

168 3530 194 3581 p.
217 3511 559 3580 106‚10(ed.BunceJne
582 3512 617 3565 ab
636 3512 722 3565 Arato
745 3511 857 3579 quidem
880 3511 1017 3578 (Aratum
1040 3515 1130 3580 ipsam
1154 3511 1277 3581 negare')
1300 3512 1393 3581 plane-

169 3603 272 3676 tarum
289 3619 383 3655 cursus
410 3619 487 3671 posse
515 3600 621 3655 definiri
650 3600 718 3655 dicit
740 3600 876 3670 Hyginus.
920 3600 1086 3669 exscriptum
1113 3603 1207 3655 autem
1234 3617 1291 3655 esse
1313 3600 1395 3655 Arati

169 3707 279 3744 carmen
306 3691 341 3744 ab
369 3707 400 3744 eo
427 3690 484 3744 iam
512 3690 540 3744 Ο.
568 3691 671 3744 liobert
698 3689 838 3743 nonnullis
866 3688 997 3758 exemplis
1024 3689 1154 3758 probauit
1176 3689 1295 3744 -adde
1322 3689 1395 3758 quod

169 3778 254 3833 Piscis
278 3778 395 3834 solitarii
418 3797 518 3833 nornen
542 3783 632 3833 notius
656 3779 690 3833 ab
709 3779 795 3832 Arato
814 3777 851 3846 (u.
871 3778 933 3839 388)
957 3777 1117 3847 desumpsit,
1142 3797 1204 3832 cum
1228 3779 1302 3848 apud
1321 3779 1394 3833 ‘Era-

169 3868 332 3922 tosthenem'
352 3887 466 3938 muyans
479 3867 516 3922 sit
530 3870 644 3922 uocatus
655 3896 696 3934 -‚
707 3870 736 3922 et
753 3866 869 3922 tertium
884 3869 912 3921 et
926 3869 1056 3935 quartum
1071 3867 1172 3921 librum
1186 3867 1395 3936 inspicientibus

169 3957 266 4012 elucet.
303 3975 369 4012 nam
387 3975 458 4026 qnae
482 3957 515 4012 de
533 3959 630 4011 mutuo
654 3956 796 4026 signorum
820 3956 884 4021 situ,
908 3956 942 4009 de
965 3955 1074 4009 circulis
1097 3956 1196 4024 quibus
1220 3956 1393 4023 diuiduntur,

169 4045 202 4100 de
220 4049 283 4101 ortu
301 4063 396 4101 eorum
410 4049 438 4101 et
452 4063 548 4101 occasu
561 4047 689 4116 Hyginus
707 4046 818 4116 profert,
837 4045 988 4100 maximam
1006 4047 1116 4114 partem
1134 4062 1167 4099 ex
1180 4046 1260 4100 Arati
1274 4046 1395 4101 carmine

170 4134 332 4205 deprompta
360 4137 433 4190 sunt.
474 4135 543 4190 haec
570 4138 664 4190 antem
692 4153 753 4189 cum
781 4135 811 4189 in
835 4137 934 4203 quarto
961 4134 1032 4188 libro
1060 4134 1208 4189 seeundum
1235 4135 1395 4190 continuam

169 4224 250 4279 Arati
277 4223 479 4296 enarrationem
507 4224 660 4294 conscripta
687 4224 743 4277 sint
764 4253 796 4262 -
817 4225 912 4293 cap.2
940 4224 1036 4292 (usque
1060 4223 1096 4278 ad
1118 4242 1144 4293 p.
1173 4224 1327 4291 100‚14)=
1349 4225 1393 4279 Ar.

168 4313 310 4367 481-499
334 4313 367 4369 de
391 4315 497 4370 aestino
521 4314 630 4380 circulo,
654 4332 676 4368 c.
696 4316 712 4368 3
731 4313 828 4383 (usque
847 4315 882 4369 ad
900 4334 926 4385 p.
947 4315 1044 4380 10219
1067 4314 1187 4383 exceptis
1210 4314 1244 4368 iis
1267 4332 1338 4383 quae
1361 4315 1395 4370 de

168 4401 263 4457 Ariete
290 4401 326 4457 ad
352 4403 433 4459 Arati
460 4403 629 4459 sententiam
656 4403 895 4473 interpretandam
921 4404 1027 4458 inserta
1053 4403 1129 4470 sunt)
1149 4425 1180 4450 =
1201 4404 1343 4458 515-524
1361 4404 1395 4458 de

170 4490 368 4561 aequinoctiali
390 4492 461 4558 circ,
490 4510 511 4547 c.
531 4495 548 4547 4
571 4491 722 4561 (usquead
745 4511 772 4561 p.
795 4493 884 4560 104,4)
905 4515 936 4538 --
958 4493 1100 4549 501-510
1127 4493 1159 4547 de
1183 4491 1298 4546 hiemali
1325 4492 1396 4560 circ,

169 4599 191 4636 c.
213 4582 245 4634 12
266 4601 296 4626 =
318 4581 467 4647 704—732,
491 4581 631 4636 sen-703
650 4581 683 4636 de
702 4581 821 4636 siderum
840 4600 902 4636 cum
922 4581 1039 4651 singulis
1058 4582 1161 4637 zodiaci
1179 4581 1265 4652 signis
1284 4584 1347 4638 ortu
1366 4585 1395 4637 et
