<?xml version="1.0" encoding="UTF-8"?>
<!DOCTYPE html PUBLIC "-//W3C//DTD XHTML 1.0 Transitional//EN"
    "http://www.w3.org/TR/xhtml1/DTD/xhtml1-transitional.dtd">
<html xmlns="http://www.w3.org/1999/xhtml" xml:lang="en" lang="en">
 <head>
  <title>
</title>
<meta http-equiv="Content-Type" content="text/html;charset=utf-8" />
  <meta name='ocr-system' content='tesseract 3.04.00' />
  <meta name='ocr-capabilities' content='ocr_page ocr_carea ocr_par ocr_line ocrx_word'/>
</head>
<body>
  <div class='ocr_page' id='page_1' title='image "./dehyginimemoria00kaufgoog_0041.png"; bbox 0 0 3254 5040; ppageno 0'>
   <div class='ocr_carea' id='block_1_1' title="bbox 787 199 831 262">
    <p class='ocr_par' dir='ltr' id='par_1_1' title="bbox 787 199 831 262">
     <span class='ocr_line' id='line_1_1' title="bbox 787 199 831 262; baseline 0 0"><span class='ocrx_word' id='word_1_1' title='bbox 787 199 831 262; x_wconf 89' lang='lat'><strong>30</strong></span> 
     </span>
    </p>
   </div>
   <div class='ocr_carea' id='block_1_2' title="bbox 702 288 914 295">
    <p class='ocr_par' dir='ltr' id='par_1_2' title="bbox 702 288 914 295">
     <span class='ocr_line' id='line_1_2' title="bbox 702 288 914 295; baseline 0 -1"><span class='ocrx_word' id='word_1_2' title='bbox 702 288 914 295; x_wconf 72' lang='lat'>——.—-.</span> 
     </span>
    </p>
   </div>
   <div class='ocr_carea' id='block_1_3' title="bbox 193 391 1485 2504">
    <p class='ocr_par' dir='ltr' id='par_1_3' title="bbox 193 391 1485 1544">
     <span class='ocr_line' id='line_1_3' title="bbox 193 391 1424 477; baseline 0.003 -23"><span class='ocrx_word' id='word_1_3' title='bbox 193 391 401 475; x_wconf 81' lang='lat' dir='ltr'><strong>transpositis</strong></span> <span class='ocrx_word' id='word_1_4' title='bbox 431 398 463 456; x_wconf 84' lang='lat' dir='ltr'><strong>et</strong></span> <span class='ocrx_word' id='word_1_5' title='bbox 492 391 620 457; x_wconf 91' lang='lat' dir='ltr'><strong>omissis</strong></span> <span class='ocrx_word' id='word_1_6' title='bbox 650 391 758 458; x_wconf 92' lang='lat' dir='ltr'><strong>uerbis</strong></span> <span class='ocrx_word' id='word_1_7' title='bbox 788 392 1030 476; x_wconf 85' lang='lat' dir='ltr'><strong>consentiunt⁹)‚</strong></span> <span class='ocrx_word' id='word_1_8' title='bbox 1059 392 1118 459; x_wconf 89' lang='lat' dir='ltr'><strong>sed</strong></span> <span class='ocrx_word' id='word_1_9' title='bbox 1146 393 1243 458; x_wconf 90' lang='lat' dir='ltr'><strong>etiam</strong></span> <span class='ocrx_word' id='word_1_10' title='bbox 1268 430 1311 441; x_wconf 94' lang='lat'>-</span> <span class='ocrx_word' id='word_1_11' title='bbox 1335 392 1424 477; x_wconf 92' lang='lat' dir='ltr'><strong>quod</strong></span> 
     </span>
     <span class='ocr_line' id='line_1_4' title="bbox 195 497 1423 588; baseline 0.005 -28"><span class='ocrx_word' id='word_1_12' title='bbox 195 497 302 564; x_wconf 91' lang='lat' dir='ltr'><strong>maius</strong></span> <span class='ocrx_word' id='word_1_13' title='bbox 330 505 380 564; x_wconf 92' lang='lat' dir='ltr'><strong>est</strong></span> <span class='ocrx_word' id='word_1_14' title='bbox 403 535 446 545; x_wconf 96' lang='lat'><em>-</em></span> <span class='ocrx_word' id='word_1_15' title='bbox 475 497 691 564; x_wconf 91' lang='lat' dir='ltr'><strong>locutionibus</strong></span> <span class='ocrx_word' id='word_1_16' title='bbox 720 504 752 564; x_wconf 90' lang='lat' dir='ltr'><strong>et</strong></span> <span class='ocrx_word' id='word_1_17' title='bbox 779 499 887 565; x_wconf 88' lang='lat' dir='ltr'><strong>uerbis</strong></span> <span class='ocrx_word' id='word_1_18' title='bbox 916 520 1050 583; x_wconf 91' lang='lat' dir='ltr'><strong>quorum</strong></span> <span class='ocrx_word' id='word_1_19' title='bbox 1077 500 1148 564; x_wconf 94' lang='lat' dir='ltr'><strong>loco</strong></span> <span class='ocrx_word' id='word_1_20' title='bbox 1178 499 1244 588; x_wconf 86' lang='lat' dir='ltr'><strong>alia</strong></span> <span class='ocrx_word' id='word_1_21' title='bbox 1272 499 1423 584; x_wconf 83' lang='lat' dir='ltr'><strong>Hyginus</strong></span> 
     </span>
     <span class='ocr_line' id='line_1_5' title="bbox 197 601 1423 691; baseline 0.005 -25"><span class='ocrx_word' id='word_1_22' title='bbox 197 601 295 669; x_wconf 91' lang='lat' dir='ltr'><strong>habet</strong></span> <span class='ocrx_word' id='word_1_23' title='bbox 309 604 437 689; x_wconf 85' lang='lat' dir='ltr'><strong>similia,</strong></span> <span class='ocrx_word' id='word_1_24' title='bbox 453 610 485 670; x_wconf 93' lang='lat' dir='ltr'><strong>et</strong></span> <span class='ocrx_word' id='word_1_25' title='bbox 494 604 575 670; x_wconf 89' lang='lat' dir='ltr'><strong>locis</strong></span> <span class='ocrx_word' id='word_1_26' title='bbox 586 603 675 689; x_wconf 89' lang='lat' dir='ltr'><strong>apud</strong></span> <span class='ocrx_word' id='word_1_27' title='bbox 684 604 883 689; x_wconf 88' lang='lat' dir='ltr'><strong>Hygininum</strong></span> <span class='ocrx_word' id='word_1_28' title='bbox 893 607 994 689; x_wconf 87' lang='lat' dir='ltr'><strong>tegris</strong></span> <span class='ocrx_word' id='word_1_29' title='bbox 1010 605 1124 672; x_wconf 91' lang='lat' dir='ltr'><strong>eodem</strong></span> <span class='ocrx_word' id='word_1_30' title='bbox 1138 606 1216 671; x_wconf 92' lang='lat' dir='ltr'><strong>uitio</strong></span> <span class='ocrx_word' id='word_1_31' title='bbox 1231 606 1423 691; x_wconf 82' lang='lat' dir='ltr'><strong>deturpatis.</strong></span> 
     </span>
     <span class='ocr_line' id='line_1_6' title="bbox 195 708 1423 797; baseline 0.004 -23"><span class='ocrx_word' id='word_1_32' title='bbox 195 709 244 775; x_wconf 90' lang='lat' dir='ltr'><strong>sic</strong></span> <span class='ocrx_word' id='word_1_33' title='bbox 267 708 326 776; x_wconf 89' lang='lat'><strong>41</strong></span> <span class='ocrx_word' id='word_1_34' title='bbox 353 716 444 778; x_wconf 86' lang='lat' dir='ltr'><strong>‘nono</strong></span> <span class='ocrx_word' id='word_1_35' title='bbox 468 731 586 794; x_wconf 86' lang='lat' dir='ltr'><strong>genere</strong></span> <span class='ocrx_word' id='word_1_36' title='bbox 610 731 698 779; x_wconf 88' lang='lat' dir='ltr'><strong>cono.</strong></span> <span class='ocrx_word' id='word_1_37' title='bbox 723 721 790 777; x_wconf 81' lang='grc'><strong>1111</strong></span> <span class='ocrx_word' id='word_1_38' title='bbox 812 712 926 797; x_wconf 70' lang='lat' dir='ltr'><strong>natus,</strong></span> <span class='ocrx_word' id='word_1_39' title='bbox 948 714 989 778; x_wconf 89' lang='lat' dir='ltr'><strong>ib.</strong></span> <span class='ocrx_word' id='word_1_40' title='bbox 1014 715 1034 778; x_wconf 81' lang='lat'>5</span> <span class='ocrx_word' id='word_1_41' title='bbox 1058 712 1164 796; x_wconf 89' lang='lat' dir='ltr'><strong>‘quam</strong></span> <span class='ocrx_word' id='word_1_42' title='bbox 1187 713 1305 778; x_wconf 80' lang='lat' dir='ltr'><strong>Graeci</strong></span> <span class='ocrx_word' id='word_1_43' title='bbox 1328 711 1423 779; x_wconf 91' lang='lat' dir='ltr'><strong>aidos</strong></span> 
     </span>
     <span class='ocr_line' id='line_1_7' title="bbox 194 815 1423 907; baseline 0.002 -27"><span class='ocrx_word' id='word_1_44' title='bbox 194 815 354 882; x_wconf 87' lang='lat' dir='ltr'><strong>dixerunt’</strong></span> <span class='ocrx_word' id='word_1_45' title='bbox 383 839 441 903; x_wconf 92' lang='lat' dir='ltr'><strong>pro</strong></span> <span class='ocrx_word' id='word_1_46' title='bbox 469 818 669 884; x_wconf 81' lang='lat' dir='ltr'><strong>uberioribus</strong></span> <span class='ocrx_word' id='word_1_47' title='bbox 692 818 814 903; x_wconf 83' lang='lat' dir='ltr'><strong>Hygini</strong></span> <span class='ocrx_word' id='word_1_48' title='bbox 842 819 959 904; x_wconf 86' lang='lat' dir='ltr'><strong>uerbis,</strong></span> <span class='ocrx_word' id='word_1_49' title='bbox 987 827 1019 884; x_wconf 92' lang='lat' dir='ltr'><strong>et</strong></span> <span class='ocrx_word' id='word_1_50' title='bbox 1047 819 1194 885; x_wconf 90' lang='lat' dir='ltr'><strong>similiter</strong></span> <span class='ocrx_word' id='word_1_51' title='bbox 1220 822 1261 886; x_wconf 78' lang='lat'><strong>12</strong></span> <span class='ocrx_word' id='word_1_52' title='bbox 1284 820 1334 907; x_wconf 87' lang='lat' dir='ltr'><strong>‘ab</strong></span> <span class='ocrx_word' id='word_1_53' title='bbox 1358 840 1423 884; x_wconf 89' lang='lat' dir='ltr'><strong>una</strong></span> 
     </span>
     <span class='ocr_line' id='line_1_8' title="bbox 197 924 1424 1010; baseline 0.003 -23"><span class='ocrx_word' id='word_1_54' title='bbox 197 929 273 1002; x_wconf 87' lang='lat' dir='ltr'><strong>(uno</strong></span> <span class='ocrx_word' id='word_1_55' title='bbox 288 924 330 1005; x_wconf 90' lang='lat' dir='ltr'><strong>A)</strong></span> <span class='ocrx_word' id='word_1_56' title='bbox 356 944 466 989; x_wconf 91' lang='lat' dir='ltr'><strong>earum</strong></span> <span class='ocrx_word' id='word_1_57' title='bbox 484 925 671 1009; x_wconf 83' lang='lat' dir='ltr'><strong>exceptum&#39;,</strong></span> <span class='ocrx_word' id='word_1_58' title='bbox 699 927 736 990; x_wconf 95' lang='lat'><strong>11</strong></span> <span class='ocrx_word' id='word_1_59' title='bbox 761 928 904 1009; x_wconf 73' lang='lat' dir='ltr'><strong>otptbsse</strong></span> <span class='ocrx_word' id='word_1_60' title='bbox 926 946 983 1010; x_wconf 92' lang='lat' dir='ltr'><strong>pro</strong></span> <span class='ocrx_word' id='word_1_61' title='bbox 1007 929 1128 1010; x_wconf 80' lang='lat' dir='ltr'><strong>atpilr&#39;cs</strong></span> <span class='ocrx_word' id='word_1_62' title='bbox 1151 930 1254 1009; x_wconf 78' lang='lat' dir='ltr'><strong>episse,</strong></span> <span class='ocrx_word' id='word_1_63' title='bbox 1282 928 1323 991; x_wconf 88' lang='lat'><strong>14</strong></span> <span class='ocrx_word' id='word_1_64' title='bbox 1345 929 1424 1009; x_wconf 68' lang='lat' dir='ltr'><strong>sopi</strong></span> 
     </span>
     <span class='ocr_line' id='line_1_9' title="bbox 196 1029 1485 1118; baseline 0.002 -24"><span class='ocrx_word' id='word_1_65' title='bbox 196 1037 261 1095; x_wconf 85' lang='lat' dir='ltr'><strong>tom</strong></span> <span class='ocrx_word' id='word_1_66' title='bbox 293 1050 351 1115; x_wconf 94' lang='lat' dir='ltr'><strong>pro</strong></span> <span class='ocrx_word' id='word_1_67' title='bbox 384 1034 581 1116; x_wconf 81' lang='lat' dir='ltr'><strong>consopitum.</strong></span> <span class='ocrx_word' id='word_1_68' title='bbox 629 1029 694 1098; x_wconf 84' lang='lat'><strong>38</strong></span> <span class='ocrx_word' id='word_1_69' title='bbox 722 1054 830 1116; x_wconf 84' lang='lat' dir='ltr'><strong>capere</strong></span> <span class='ocrx_word' id='word_1_70' title='bbox 864 1052 922 1116; x_wconf 91' lang='lat' dir='ltr'><strong>pro</strong></span> <span class='ocrx_word' id='word_1_71' title='bbox 955 1042 1079 1117; x_wconf 85' lang='lat' dir='ltr'><strong>captore</strong></span> <span class='ocrx_word' id='word_1_72' title='bbox 1111 1032 1197 1116; x_wconf 91' lang='lat' dir='ltr'><strong>quod</strong></span> <span class='ocrx_word' id='word_1_73' title='bbox 1230 1038 1360 1118; x_wconf 88' lang='lat' dir='ltr'><strong>propter</strong></span> <span class='ocrx_word' id='word_1_74' title='bbox 1388 1030 1424 1096; x_wconf 95' lang='lat' dir='ltr'><strong>id</strong></span> <span class='ocrx_word' id='word_1_75' title='bbox 1482 1108 1485 1113; x_wconf 36' lang='grc'><strong><em>,</em></strong></span> 
     </span>
     <span class='ocr_line' id='line_1_10' title="bbox 197 1134 1424 1223; baseline 0.002 -23"><span class='ocrx_word' id='word_1_76' title='bbox 197 1134 286 1219; x_wconf 88' lang='lat' dir='ltr'><strong>quod</strong></span> <span class='ocrx_word' id='word_1_77' title='bbox 308 1136 475 1221; x_wconf 86' lang='lat' dir='ltr'><strong>praecedit</strong></span> <span class='ocrx_word' id='word_1_78' title='bbox 498 1160 606 1222; x_wconf 83' lang='lat' dir='ltr'><strong>capere</strong></span> <span class='ocrx_word' id='word_1_79' title='bbox 629 1137 757 1204; x_wconf 91' lang='lat' dir='ltr'><strong>uidetur</strong></span> <span class='ocrx_word' id='word_1_80' title='bbox 780 1139 956 1223; x_wconf 82' lang='lat' dir='ltr'><strong>inrepsisse</strong></span> <span class='ocrx_word' id='word_1_81' title='bbox 979 1145 1034 1218; x_wconf 86' lang='lat' dir='ltr'><strong>(cx</strong></span> <span class='ocrx_word' id='word_1_82' title='bbox 1057 1138 1173 1205; x_wconf 91' lang='lat' dir='ltr'><strong>eadem</strong></span> <span class='ocrx_word' id='word_1_83' title='bbox 1195 1159 1296 1205; x_wconf 89' lang='lat' dir='ltr'><strong>causa</strong></span> <span class='ocrx_word' id='word_1_84' title='bbox 1319 1146 1424 1203; x_wconf 86' lang='lat' dir='ltr'><strong>ortum</strong></span> 
     </span>
     <span class='ocr_line' id='line_1_11' title="bbox 198 1241 1425 1330; baseline 0.002 -24"><span class='ocrx_word' id='word_1_85' title='bbox 198 1241 326 1307; x_wconf 91' lang='lat' dir='ltr'><strong>uidetur</strong></span> <span class='ocrx_word' id='word_1_86' title='bbox 348 1241 369 1306; x_wconf 82' lang='lat'>4</span> <span class='ocrx_word' id='word_1_87' title='bbox 397 1248 436 1310; x_wconf 84' lang='grc'><strong>15</strong></span> <span class='ocrx_word' id='word_1_88' title='bbox 464 1249 550 1310; x_wconf 78' lang='lat' dir='ltr'><strong>acics</strong></span> <span class='ocrx_word' id='word_1_89' title='bbox 577 1265 634 1330; x_wconf 92' lang='lat' dir='ltr'><strong>pro</strong></span> <span class='ocrx_word' id='word_1_90' title='bbox 658 1247 770 1329; x_wconf 83' lang='lat' dir='ltr'><strong>baias),</strong></span> <span class='ocrx_word' id='word_1_91' title='bbox 800 1246 841 1311; x_wconf 93' lang='lat' dir='ltr'><strong>ib.</strong></span> <span class='ocrx_word' id='word_1_92' title='bbox 866 1249 887 1310; x_wconf 89' lang='grc'>4</span> <span class='ocrx_word' id='word_1_93' title='bbox 915 1253 992 1310; x_wconf 87' lang='lat' dir='ltr'><strong>nota</strong></span> <span class='ocrx_word' id='word_1_94' title='bbox 1020 1267 1115 1312; x_wconf 90' lang='lat' dir='ltr'><strong>casus</strong></span> <span class='ocrx_word' id='word_1_95' title='bbox 1143 1252 1283 1312; x_wconf 90' lang='lat' dir='ltr'><strong>mutatos</strong></span> <span class='ocrx_word' id='word_1_96' title='bbox 1311 1245 1425 1328; x_wconf 82' lang='lat' dir='ltr'><strong>‘figura</strong></span> 
     </span>
     <span class='ocr_line' id='line_1_12' title="bbox 195 1348 1452 1437; baseline 0.004 -25"><span class='ocrx_word' id='word_1_97' title='bbox 195 1348 333 1433; x_wconf 78' lang='lat' dir='ltr'><strong>piscium</strong></span> <span class='ocrx_word' id='word_1_98' title='bbox 361 1350 516 1418; x_wconf 82' lang='lat' dir='ltr'><strong>formom&#39;.</strong></span> <span class='ocrx_word' id='word_1_99' title='bbox 568 1351 706 1436; x_wconf 88' lang='lat' dir='ltr'><strong>denique</strong></span> <span class='ocrx_word' id='word_1_100' title='bbox 734 1351 755 1415; x_wconf 84' lang='lat'><strong>3</strong></span> <span class='ocrx_word' id='word_1_101' title='bbox 783 1354 823 1420; x_wconf 93' lang='lat' dir='ltr'><strong>in.</strong></span> <span class='ocrx_word' id='word_1_102' title='bbox 852 1353 1042 1436; x_wconf 82' lang='lat' dir='ltr'><strong>‘Diognetus</strong></span> <span class='ocrx_word' id='word_1_103' title='bbox 1070 1352 1275 1437; x_wconf 83' lang='lat' dir='ltr'><strong>Erythraeus’</strong></span> <span class='ocrx_word' id='word_1_104' title='bbox 1305 1352 1338 1416; x_wconf 94' lang='lat' dir='ltr'><strong>in</strong></span> <span class='ocrx_word' id='word_1_105' title='bbox 1365 1351 1452 1424; x_wconf 82' lang='lat' dir='ltr'><strong>Ac</strong></span> 
     </span>
     <span class='ocr_line' id='line_1_13' title="bbox 196 1441 942 1544; baseline 0.007 -24"><span class='ocrx_word' id='word_1_106' title='bbox 196 1463 284 1522; x_wconf 87' lang='lat' dir='ltr'><strong>recte</strong></span> <span class='ocrx_word' id='word_1_107' title='bbox 307 1441 533 1523; x_wconf 82' lang='lat' dir='ltr'><strong>conseruatum</strong></span> <span class='ocrx_word' id='word_1_108' title='bbox 557 1465 614 1543; x_wconf 85' lang='lat' dir='ltr'><strong>est,</strong></span> <span class='ocrx_word' id='word_1_109' title='bbox 638 1459 672 1524; x_wconf 94' lang='lat' dir='ltr'><strong>in</strong></span> <span class='ocrx_word' id='word_1_110' title='bbox 694 1462 731 1523; x_wconf 92' lang='lat' dir='ltr'><em>X</em></span> <span class='ocrx_word' id='word_1_111' title='bbox 750 1466 942 1544; x_wconf 90' lang='lat' dir='ltr'><strong>corruptum.</strong></span> 
     </span>
    </p>

    <p class='ocr_par' dir='ltr' id='par_1_4' title="bbox 197 1562 1427 2184">
     <span class='ocr_line' id='line_1_14' title="bbox 287 1562 1427 1650; baseline 0.004 -24"><span class='ocrx_word' id='word_1_112' title='bbox 287 1562 339 1627; x_wconf 87' lang='lat' dir='ltr'><strong>Ad</strong></span> <span class='ocrx_word' id='word_1_113' title='bbox 370 1571 494 1629; x_wconf 89' lang='lat' dir='ltr'><strong>tantum</strong></span> <span class='ocrx_word' id='word_1_114' title='bbox 530 1565 696 1648; x_wconf 86' lang='lat' dir='ltr'><strong>utriusque</strong></span> <span class='ocrx_word' id='word_1_115' title='bbox 729 1586 921 1631; x_wconf 88' lang='lat' dir='ltr'><strong>consensum</strong></span> <span class='ocrx_word' id='word_1_116' title='bbox 952 1564 1111 1632; x_wconf 87' lang='lat' dir='ltr'><strong>accedunt</strong></span> <span class='ocrx_word' id='word_1_117' title='bbox 1146 1566 1227 1631; x_wconf 88' lang='lat' dir='ltr'><strong>uitia</strong></span> <span class='ocrx_word' id='word_1_118' title='bbox 1263 1565 1427 1650; x_wconf 88' lang='lat' dir='ltr'><strong>quaedam</strong></span> 
     </span>
     <span class='ocr_line' id='line_1_15' title="bbox 197 1669 1427 1757; baseline 0.002 -24"><span class='ocrx_word' id='word_1_119' title='bbox 197 1669 335 1750; x_wconf 86' lang='lat' dir='ltr'><strong>leniora,</strong></span> <span class='ocrx_word' id='word_1_120' title='bbox 368 1691 452 1753; x_wconf 89' lang='lat' dir='ltr'><strong>quae</strong></span> <span class='ocrx_word' id='word_1_121' title='bbox 485 1673 667 1737; x_wconf 79' lang='lat' dir='ltr'><strong>artissimas</strong></span> <span class='ocrx_word' id='word_1_122' title='bbox 699 1692 810 1736; x_wconf 90' lang='lat' dir='ltr'><strong>eorum</strong></span> <span class='ocrx_word' id='word_1_123' title='bbox 840 1672 1091 1757; x_wconf 89' lang='lat' dir='ltr'><strong>propinquitatis</strong></span> <span class='ocrx_word' id='word_1_124' title='bbox 1124 1680 1156 1738; x_wconf 89' lang='lat' dir='ltr'><strong>ct</strong></span> <span class='ocrx_word' id='word_1_125' title='bbox 1189 1672 1318 1757; x_wconf 70' lang='lat' dir='ltr'><strong>(tyriaci</strong></span> <span class='ocrx_word' id='word_1_126' title='bbox 1349 1671 1427 1738; x_wconf 89' lang='lat' dir='ltr'><strong>fidei</strong></span> 
     </span>
     <span class='ocr_line' id='line_1_16' title="bbox 199 1777 1425 1864; baseline 0.003 -25"><span class='ocrx_word' id='word_1_127' title='bbox 199 1782 274 1840; x_wconf 89' lang='lat' dir='ltr'><strong>sunt</strong></span> <span class='ocrx_word' id='word_1_128' title='bbox 304 1777 503 1842; x_wconf 90' lang='lat' dir='ltr'><strong>testimonia:</strong></span> <span class='ocrx_word' id='word_1_129' title='bbox 536 1778 600 1845; x_wconf 82' lang='lat'><strong>39</strong></span> <span class='ocrx_word' id='word_1_130' title='bbox 633 1783 737 1845; x_wconf 82' lang='lat' dir='ltr'><strong>eodem</strong></span> <span class='ocrx_word' id='word_1_131' title='bbox 768 1799 826 1864; x_wconf 91' lang='lat' dir='ltr'><strong>pro</strong></span> <span class='ocrx_word' id='word_1_132' title='bbox 855 1801 903 1861; x_wconf 87' lang='lat' dir='ltr'><strong>co,</strong></span> <span class='ocrx_word' id='word_1_133' title='bbox 940 1784 980 1845; x_wconf 69' lang='lat'><strong>12</strong></span> <span class='ocrx_word' id='word_1_134' title='bbox 1014 1781 1153 1845; x_wconf 76' lang='lat' dir='ltr'><strong>bracchio</strong></span> <span class='ocrx_word' id='word_1_135' title='bbox 1184 1800 1242 1864; x_wconf 92' lang='lat' dir='ltr'><strong>pro</strong></span> <span class='ocrx_word' id='word_1_136' title='bbox 1275 1782 1425 1860; x_wconf 75' lang='lat' dir='ltr'><strong>bracchio,</strong></span> 
     </span>
     <span class='ocr_line' id='line_1_17' title="bbox 202 1883 1426 1971; baseline 0.005 -25"><span class='ocrx_word' id='word_1_137' title='bbox 202 1884 242 1946; x_wconf 93' lang='lat'><strong>14</strong></span> <span class='ocrx_word' id='word_1_138' title='bbox 258 1883 411 1948; x_wconf 88' lang='lat' dir='ltr'><strong>omissum</strong></span> <span class='ocrx_word' id='word_1_139' title='bbox 425 1907 497 1966; x_wconf 81' lang='lat' dir='ltr'><strong>non,</strong></span> <span class='ocrx_word' id='word_1_140' title='bbox 523 1883 578 1951; x_wconf 87' lang='lat'><strong>48</strong></span> <span class='ocrx_word' id='word_1_141' title='bbox 602 1909 641 1950; x_wconf 81' lang='grc'><strong>11</strong></span> <span class='ocrx_word' id='word_1_142' title='bbox 655 1894 730 1950; x_wconf 88' lang='lat' dir='ltr'><strong>ante</strong></span> <span class='ocrx_word' id='word_1_143' title='bbox 749 1908 809 1970; x_wconf 81' lang='lat' dir='ltr'><strong>pcc</strong></span> <span class='ocrx_word' id='word_1_144' title='bbox 833 1885 1012 1971; x_wconf 89' lang='lat' dir='ltr'><strong>(praecedit</strong></span> <span class='ocrx_word' id='word_1_145' title='bbox 1027 1909 1066 1951; x_wconf 80' lang='lat' dir='ltr'><strong>ea</strong></span> <span class='ocrx_word' id='word_1_146' title='bbox 1080 1889 1261 1971; x_wconf 84' lang='lat' dir='ltr'><strong>adornante),</strong></span> <span class='ocrx_word' id='word_1_147' title='bbox 1285 1886 1426 1967; x_wconf 90' lang='lat' dir='ltr'><strong>denique</strong></span> 
     </span>
     <span class='ocr_line' id='line_1_18' title="bbox 200 1988 1425 2077; baseline 0.002 -22"><span class='ocrx_word' id='word_1_148' title='bbox 200 1991 221 2055; x_wconf 83' lang='lat' dir='ltr'><strong>b</strong></span> <span class='ocrx_word' id='word_1_149' title='bbox 249 1988 336 2072; x_wconf 89' lang='lat' dir='ltr'><strong>quod</strong></span> <span class='ocrx_word' id='word_1_150' title='bbox 367 1991 495 2074; x_wconf 90' lang='lat' dir='ltr'><strong>utrique</strong></span> <span class='ocrx_word' id='word_1_151' title='bbox 528 1991 632 2056; x_wconf 89' lang='lat' dir='ltr'><strong>codici</strong></span> <span class='ocrx_word' id='word_1_152' title='bbox 664 1991 814 2058; x_wconf 90' lang='lat' dir='ltr'><strong>adscribo</strong></span> <span class='ocrx_word' id='word_1_153' title='bbox 847 1996 938 2057; x_wconf 83' lang='lat' dir='ltr'><strong>datas</strong></span> <span class='ocrx_word' id='word_1_154' title='bbox 971 1995 1099 2069; x_wconf 81' lang='lat' dir='ltr'><strong>(diutius</strong></span> <span class='ocrx_word' id='word_1_155' title='bbox 1129 1993 1167 2070; x_wconf 83' lang='lat' dir='ltr'><strong>C)</strong></span> <span class='ocrx_word' id='word_1_156' title='bbox 1199 2013 1257 2077; x_wconf 95' lang='lat' dir='ltr'><strong>pro</strong></span> <span class='ocrx_word' id='word_1_157' title='bbox 1289 1996 1425 2057; x_wconf 80' lang='lat' dir='ltr'><strong>indatus.</strong></span> 
     </span>
     <span class='ocr_line' id='line_1_19' title="bbox 199 2094 1425 2184; baseline 0.005 -24"><span class='ocrx_word' id='word_1_158' title='bbox 199 2094 260 2160; x_wconf 89' lang='lat' dir='ltr'><strong>sed</strong></span> <span class='ocrx_word' id='word_1_159' title='bbox 288 2096 329 2162; x_wconf 87' lang='lat' dir='ltr'><strong>de</strong></span> <span class='ocrx_word' id='word_1_160' title='bbox 359 2096 388 2161; x_wconf 88' lang='lat' dir='ltr'><strong>h.</strong></span> <span class='ocrx_word' id='word_1_161' title='bbox 412 2097 432 2163; x_wconf 88' lang='lat' dir='ltr'><strong>l.</strong></span> <span class='ocrx_word' id='word_1_162' title='bbox 462 2098 669 2181; x_wconf 88' lang='lat' dir='ltr'><strong>singulariter</strong></span> <span class='ocrx_word' id='word_1_163' title='bbox 696 2105 845 2183; x_wconf 90' lang='lat' dir='ltr'><strong>corrupto</strong></span> <span class='ocrx_word' id='word_1_164' title='bbox 874 2098 957 2163; x_wconf 87' lang='lat' dir='ltr'><strong>infra</strong></span> <span class='ocrx_word' id='word_1_165' title='bbox 986 2098 1162 2164; x_wconf 88' lang='lat' dir='ltr'><strong>disseretur</strong></span> <span class='ocrx_word' id='word_1_166' title='bbox 1191 2106 1233 2184; x_wconf 90' lang='lat' dir='ltr'><strong>(p.</strong></span> <span class='ocrx_word' id='word_1_167' title='bbox 1258 2101 1298 2164; x_wconf 90' lang='lat'><strong>31</strong></span> <span class='ocrx_word' id='word_1_168' title='bbox 1330 2101 1425 2182; x_wconf 67' lang='lat' dir='ltr'><strong>squ).</strong></span> 
     </span>
    </p>

    <p class='ocr_par' dir='ltr' id='par_1_5' title="bbox 199 2204 1427 2504">
     <span class='ocr_line' id='line_1_20' title="bbox 289 2204 1427 2291; baseline 0.002 -24"><span class='ocrx_word' id='word_1_169' title='bbox 289 2204 413 2269; x_wconf 85' lang='lat' dir='ltr'><strong>Tamen</strong></span> <span class='ocrx_word' id='word_1_170' title='bbox 441 2225 547 2288; x_wconf 91' lang='lat' dir='ltr'><strong>neque</strong></span> <span class='ocrx_word' id='word_1_171' title='bbox 569 2206 600 2269; x_wconf 99' lang='lat' dir='ltr'><strong><em>A</em></strong></span> <span class='ocrx_word' id='word_1_172' title='bbox 628 2225 668 2270; x_wconf 86' lang='lat' dir='ltr'><strong>ex</strong></span> <span class='ocrx_word' id='word_1_173' title='bbox 694 2205 720 2270; x_wconf 81' lang='lat' dir='ltr'><em>O</em></span> <span class='ocrx_word' id='word_1_174' title='bbox 745 2205 976 2290; x_wconf 90' lang='lat' dir='ltr'><strong>transscriptus</strong></span> <span class='ocrx_word' id='word_1_175' title='bbox 1004 2212 1062 2291; x_wconf 87' lang='lat' dir='ltr'><strong>est,</strong></span> <span class='ocrx_word' id='word_1_176' title='bbox 1091 2227 1166 2271; x_wconf 92' lang='lat' dir='ltr'><strong>nam</strong></span> <span class='ocrx_word' id='word_1_177' title='bbox 1189 2207 1219 2269; x_wconf 90' lang='lat' dir='ltr'><strong><em>A</em></strong></span> <span class='ocrx_word' id='word_1_178' title='bbox 1246 2206 1334 2270; x_wconf 89' lang='lat' dir='ltr'><strong>nulla</strong></span> <span class='ocrx_word' id='word_1_179' title='bbox 1362 2204 1427 2270; x_wconf 89' lang='lat' dir='ltr'><strong>nisi</strong></span> 
     </span>
     <span class='ocr_line' id='line_1_21' title="bbox 199 2308 1426 2396; baseline 0.004 -24"><span class='ocrx_word' id='word_1_180' title='bbox 199 2308 387 2394; x_wconf 87' lang='lat' dir='ltr'><strong>Hyginiana</strong></span> <span class='ocrx_word' id='word_1_181' title='bbox 416 2311 540 2377; x_wconf 89' lang='lat' dir='ltr'><strong>scholia</strong></span> <span class='ocrx_word' id='word_1_182' title='bbox 567 2311 678 2396; x_wconf 85' lang='lat' dir='ltr'><strong>habet,</strong></span> <span class='ocrx_word' id='word_1_183' title='bbox 708 2331 779 2376; x_wconf 92' lang='lat' dir='ltr'><strong>cum</strong></span> <span class='ocrx_word' id='word_1_184' title='bbox 804 2312 831 2377; x_wconf 80' lang='lat'><strong><em>0</em></strong></span> <span class='ocrx_word' id='word_1_185' title='bbox 856 2312 954 2377; x_wconf 86' lang='lat' dir='ltr'><strong>etiarn</strong></span> <span class='ocrx_word' id='word_1_186' title='bbox 983 2312 1274 2395; x_wconf 71' lang='lat' dir='ltr'><strong>sangermanensia</strong></span> <span class='ocrx_word' id='word_1_187' title='bbox 1307 2311 1426 2377; x_wconf 92' lang='lat' dir='ltr'><strong>admis-</strong></span> 
     </span>
     <span class='ocr_line' id='line_1_22' title="bbox 200 2416 1427 2504; baseline 0.002 -24"><span class='ocrx_word' id='word_1_188' title='bbox 200 2416 357 2501; x_wconf 77' lang='lat' dir='ltr'><strong>cuerit10),</strong></span> <span class='ocrx_word' id='word_1_189' title='bbox 386 2437 489 2500; x_wconf 88' lang='lat' dir='ltr'><strong>neque</strong></span> <span class='ocrx_word' id='word_1_190' title='bbox 516 2419 604 2483; x_wconf 84' lang='lat' dir='ltr'>ch</span> <span class='ocrx_word' id='word_1_191' title='bbox 626 2419 665 2504; x_wconf 89' lang='lat' dir='ltr'><strong>A,</strong></span> <span class='ocrx_word' id='word_1_192' title='bbox 694 2418 782 2501; x_wconf 91' lang='lat' dir='ltr'><strong>quod</strong></span> <span class='ocrx_word' id='word_1_193' title='bbox 805 2439 846 2484; x_wconf 87' lang='lat' dir='ltr'><strong>cx</strong></span> <span class='ocrx_word' id='word_1_194' title='bbox 868 2418 932 2484; x_wconf 84' lang='lat' dir='ltr'><strong>linc</strong></span> <span class='ocrx_word' id='word_1_195' title='bbox 956 2419 1070 2486; x_wconf 89' lang='lat' dir='ltr'><strong>scholii</strong></span> <span class='ocrx_word' id='word_1_196' title='bbox 1094 2418 1115 2483; x_wconf 88' lang='grc'>4</span> <span class='ocrx_word' id='word_1_197' title='bbox 1137 2420 1343 2502; x_wconf 85' lang='lat' dir='ltr'><strong>intellegitur,</strong></span> <span class='ocrx_word' id='word_1_198' title='bbox 1372 2417 1427 2483; x_wconf 92' lang='lat' dir='ltr'><strong>ubi</strong></span> 
     </span>
    </p>
   </div>
   <div class='ocr_carea' id='block_1_4' title="bbox 201 2557 1428 2899">
    <p class='ocr_par' dir='ltr' id='par_1_6' title="bbox 201 2557 1428 2899">
     <span class='ocr_line' id='line_1_23' title="bbox 292 2557 1427 2630; baseline -0.001 -17"><span class='ocrx_word' id='word_1_199' title='bbox 292 2557 312 2626; x_wconf 82' lang='lat'><strong>⁹)</strong></span> <span class='ocrx_word' id='word_1_200' title='bbox 332 2559 517 2630; x_wconf 80' lang='lat' dir='ltr'><strong>Transpositis</strong></span> <span class='ocrx_word' id='word_1_201' title='bbox 536 2561 626 2616; x_wconf 88' lang='lat' dir='ltr'><strong>uerbis</strong></span> <span class='ocrx_word' id='word_1_202' title='bbox 641 2561 675 2615; x_wconf 88' lang='lat' dir='ltr'><strong>ab</strong></span> <span class='ocrx_word' id='word_1_203' title='bbox 689 2561 800 2630; x_wconf 85' lang='lat' dir='ltr'><strong>Hygino</strong></span> <span class='ocrx_word' id='word_1_204' title='bbox 819 2562 950 2617; x_wconf 89' lang='lat' dir='ltr'><strong>recedunt</strong></span> <span class='ocrx_word' id='word_1_205' title='bbox 968 2559 985 2616; x_wconf 82' lang='lat'><strong>3</strong></span> <span class='ocrx_word' id='word_1_206' title='bbox 1000 2564 1033 2617; x_wconf 89' lang='grc'><strong>10</strong></span> <span class='ocrx_word' id='word_1_207' title='bbox 1053 2566 1122 2616; x_wconf 76' lang='lat' dir='ltr'><strong>alter·</strong></span> <span class='ocrx_word' id='word_1_208' title='bbox 1137 2566 1232 2617; x_wconf 80' lang='lat' dir='ltr'><strong>boreus</strong></span> <span class='ocrx_word' id='word_1_209' title='bbox 1246 2565 1315 2616; x_wconf 83' lang='lat' dir='ltr'><strong>alter</strong></span> <span class='ocrx_word' id='word_1_210' title='bbox 1328 2565 1427 2628; x_wconf 80' lang='lat' dir='ltr'><strong>actius,</strong></span> 
     </span>
     <span class='ocr_line' id='line_1_24' title="bbox 201 2646 1428 2721; baseline 0.002 -20"><span class='ocrx_word' id='word_1_211' title='bbox 201 2646 219 2701; x_wconf 92' lang='grc'>4</span> <span class='ocrx_word' id='word_1_212' title='bbox 237 2650 387 2717; x_wconf 73' lang='lat' dir='ltr'><strong>ipa-cbari</strong></span> <span class='ocrx_word' id='word_1_213' title='bbox 400 2659 494 2718; x_wconf 79' lang='lat' dir='ltr'><strong>potest.</strong></span> <span class='ocrx_word' id='word_1_214' title='bbox 516 2650 668 2704; x_wconf 87' lang='lat' dir='ltr'><strong>—omissa</strong></span> <span class='ocrx_word' id='word_1_215' title='bbox 690 2654 755 2705; x_wconf 88' lang='lat' dir='ltr'><strong>sunt</strong></span> <span class='ocrx_word' id='word_1_216' title='bbox 777 2651 875 2715; x_wconf 89' lang='lat' dir='ltr'><strong>multa,</strong></span> <span class='ocrx_word' id='word_1_217' title='bbox 900 2669 951 2707; x_wconf 88' lang='lat' dir='ltr'><strong>nec</strong></span> <span class='ocrx_word' id='word_1_218' title='bbox 972 2670 1061 2721; x_wconf 88' lang='lat' dir='ltr'><strong>pauca</strong></span> <span class='ocrx_word' id='word_1_219' title='bbox 1084 2669 1155 2720; x_wconf 86' lang='lat' dir='ltr'><strong>quae</strong></span> <span class='ocrx_word' id='word_1_220' title='bbox 1178 2653 1213 2705; x_wconf 90' lang='lat' dir='ltr'><strong>ab</strong></span> <span class='ocrx_word' id='word_1_221' title='bbox 1237 2668 1268 2706; x_wconf 91' lang='lat' dir='ltr'><strong>eo</strong></span> <span class='ocrx_word' id='word_1_222' title='bbox 1292 2651 1340 2718; x_wconf 91' lang='lat' dir='ltr'><strong>qni</strong></span> <span class='ocrx_word' id='word_1_223' title='bbox 1358 2651 1428 2704; x_wconf 87' lang='lat' dir='ltr'><strong>haec</strong></span> 
     </span>
     <span class='ocr_line' id='line_1_25' title="bbox 201 2738 1428 2808; baseline 0.001 -17"><span class='ocrx_word' id='word_1_224' title='bbox 201 2739 305 2792; x_wconf 88' lang='lat' dir='ltr'><strong>scholia</strong></span> <span class='ocrx_word' id='word_1_225' title='bbox 328 2756 361 2792; x_wconf 83' lang='lat' dir='ltr'><strong>ex</strong></span> <span class='ocrx_word' id='word_1_226' title='bbox 384 2740 444 2808; x_wconf 91' lang='lat' dir='ltr'><strong>ipso</strong></span> <span class='ocrx_word' id='word_1_227' title='bbox 462 2739 574 2808; x_wconf 87' lang='lat' dir='ltr'><strong>Hygino</strong></span> <span class='ocrx_word' id='word_1_228' title='bbox 597 2739 740 2808; x_wconf 77' lang='lat' dir='ltr'><strong>conposuit</strong></span> <span class='ocrx_word' id='word_1_229' title='bbox 763 2739 852 2794; x_wconf 88' lang='lat' dir='ltr'><strong>eiecta</strong></span> <span class='ocrx_word' id='word_1_230' title='bbox 875 2740 1004 2795; x_wconf 86' lang='lat' dir='ltr'><strong>uidentur</strong></span> <span class='ocrx_word' id='word_1_231' title='bbox 1028 2740 1063 2808; x_wconf 89' lang='lat' dir='ltr'><strong>(u.</strong></span> <span class='ocrx_word' id='word_1_232' title='bbox 1086 2741 1160 2794; x_wconf 87' lang='lat' dir='ltr'><strong>infra</strong></span> <span class='ocrx_word' id='word_1_233' title='bbox 1178 2741 1193 2806; x_wconf 62' lang='grc' dir='ltr'>ᾖ</span> <span class='ocrx_word' id='word_1_234' title='bbox 1212 2741 1229 2793; x_wconf 89' lang='grc'><strong>3</strong></span> <span class='ocrx_word' id='word_1_235' title='bbox 1248 2758 1274 2808; x_wconf 91' lang='lat' dir='ltr'><strong>p.</strong></span> <span class='ocrx_word' id='word_1_236' title='bbox 1293 2739 1347 2801; x_wconf 83' lang='lat'>41).</span> <span class='ocrx_word' id='word_1_237' title='bbox 1389 2738 1428 2792; x_wconf 89' lang='lat' dir='ltr'><strong>sic</strong></span> 
     </span>
     <span class='ocr_line' id='line_1_26' title="bbox 201 2824 1427 2899; baseline -0.001 -19"><span class='ocrx_word' id='word_1_238' title='bbox 201 2824 219 2880; x_wconf 80' lang='lat'><strong>3</strong></span> <span class='ocrx_word' id='word_1_239' title='bbox 238 2829 253 2880; x_wconf 86' lang='lat'><strong>5</strong></span> <span class='ocrx_word' id='word_1_240' title='bbox 273 2828 349 2882; x_wconf 87' lang='lat' dir='ltr'><strong>deest</strong></span> <span class='ocrx_word' id='word_1_241' title='bbox 367 2828 396 2881; x_wconf 94' lang='lat' dir='ltr'><strong>in</strong></span> <span class='ocrx_word' id='word_1_242' title='bbox 416 2845 470 2882; x_wconf 86' lang='lat' dir='ltr'><strong>acc.</strong></span> <span class='ocrx_word' id='word_1_243' title='bbox 490 2847 512 2882; x_wconf 90' lang='lat' dir='ltr'><strong>c.</strong></span> <span class='ocrx_word' id='word_1_244' title='bbox 531 2828 580 2881; x_wconf 85' lang='lat' dir='ltr'><strong>inf.</strong></span> <span class='ocrx_word' id='word_1_245' title='bbox 599 2829 666 2897; x_wconf 81' lang='lat' dir='ltr'><strong>perf.</strong></span> <span class='ocrx_word' id='word_1_246' title='bbox 685 2846 756 2897; x_wconf 86' lang='lat' dir='ltr'><strong>pass.</strong></span> <span class='ocrx_word' id='word_1_247' title='bbox 775 2848 837 2898; x_wconf 84' lang='lat' dir='ltr'><strong>csse,</strong></span> <span class='ocrx_word' id='word_1_248' title='bbox 857 2830 933 2884; x_wconf 91' lang='lat' dir='ltr'><strong>cuius</strong></span> <span class='ocrx_word' id='word_1_249' title='bbox 952 2831 991 2884; x_wconf 90' lang='lat' dir='ltr'><strong>rei</strong></span> <span class='ocrx_word' id='word_1_250' title='bbox 1010 2830 1084 2899; x_wconf 89' lang='lat' dir='ltr'><strong>apud</strong></span> <span class='ocrx_word' id='word_1_251' title='bbox 1097 2829 1241 2898; x_wconf 88' lang='lat' dir='ltr'><strong>Hyginum</strong></span> <span class='ocrx_word' id='word_1_252' title='bbox 1258 2829 1350 2896; x_wconf 89' lang='lat' dir='ltr'><strong>ipsum</strong></span> <span class='ocrx_word' id='word_1_253' title='bbox 1367 2844 1427 2895; x_wconf 91' lang='lat' dir='ltr'><strong>per-</strong></span> 
     </span>
    </p>
   </div>
   <div class='ocr_carea' id='block_1_5' title="bbox 111 2913 1428 2987">
    <p class='ocr_par' dir='ltr' id='par_1_7' title="bbox 111 2913 1428 2987">
     <span class='ocr_line' id='line_1_27' title="bbox 111 2913 1428 2987; baseline -0.001 -18"><span class='ocrx_word' id='word_1_254' title='bbox 111 2936 113 2938; x_wconf 93' lang='lat'>·</span> <span class='ocrx_word' id='word_1_255' title='bbox 200 2917 291 2970; x_wconf 90' lang='lat' dir='ltr'><strong>multa</strong></span> <span class='ocrx_word' id='word_1_256' title='bbox 309 2919 420 2971; x_wconf 81' lang='lat' dir='ltr'><strong>exstant</strong></span> <span class='ocrx_word' id='word_1_257' title='bbox 438 2917 571 2986; x_wconf 85' lang='lat' dir='ltr'><strong>exempla.</strong></span> <span class='ocrx_word' id='word_1_258' title='bbox 608 2916 673 2972; x_wconf 87' lang='grc'><strong>410</strong></span> <span class='ocrx_word' id='word_1_259' title='bbox 691 2921 894 2986; x_wconf 65' lang='lat' dir='ltr'><strong>tragoediarum</strong></span> <span class='ocrx_word' id='word_1_260' title='bbox 912 2923 1030 2987; x_wconf 75' lang='lat' dir='ltr'><strong>scriptor</strong></span> <span class='ocrx_word' id='word_1_261' title='bbox 1048 2923 1109 2987; x_wconf 91' lang='lat' dir='ltr'><strong>post</strong></span> <span class='ocrx_word' id='word_1_262' title='bbox 1123 2919 1270 2985; x_wconf 78' lang='lat' dir='ltr'><strong>Aeschylos</strong></span> <span class='ocrx_word' id='word_1_263' title='bbox 1289 2913 1330 2969; x_wconf 77' lang='lat' dir='ltr'><strong>e&#39;st</strong></span> <span class='ocrx_word' id='word_1_264' title='bbox 1348 2916 1428 2969; x_wconf 90' lang='lat' dir='ltr'><strong>omis·</strong></span> 
     </span>
    </p>
   </div>
   <div class='ocr_carea' id='block_1_6' title="bbox 202 3003 1428 3430">
    <p class='ocr_par' dir='ltr' id='par_1_8' title="bbox 202 3003 1428 3430">
     <span class='ocr_line' id='line_1_28' title="bbox 202 3003 1427 3075; baseline 0 -18"><span class='ocrx_word' id='word_1_265' title='bbox 202 3022 270 3057; x_wconf 91' lang='lat' dir='ltr'><strong>sum.</strong></span> <span class='ocrx_word' id='word_1_266' title='bbox 299 3004 368 3059; x_wconf 86' lang='lat' dir='ltr'><strong>falso</strong></span> <span class='ocrx_word' id='word_1_267' title='bbox 387 3008 481 3060; x_wconf 81' lang='lat' dir='ltr'><strong>autem</strong></span> <span class='ocrx_word' id='word_1_268' title='bbox 495 3003 628 3060; x_wconf 79' lang='grc'><strong>1111111113</strong></span> <span class='ocrx_word' id='word_1_269' title='bbox 646 3008 678 3059; x_wconf 88' lang='lat'><strong>14</strong></span> <span class='ocrx_word' id='word_1_270' title='bbox 696 3025 758 3075; x_wconf 79' lang='lat' dir='ltr'><strong>noa,</strong></span> <span class='ocrx_word' id='word_1_271' title='bbox 777 3024 831 3074; x_wconf 92' lang='lat' dir='ltr'><strong>quo</strong></span> <span class='ocrx_word' id='word_1_272' title='bbox 844 3008 943 3061; x_wconf 90' lang='lat' dir='ltr'><strong>omisso</strong></span> <span class='ocrx_word' id='word_1_273' title='bbox 962 3025 1055 3061; x_wconf 90' lang='lat' dir='ltr'><strong>sensns</strong></span> <span class='ocrx_word' id='word_1_274' title='bbox 1068 3008 1098 3060; x_wconf 91' lang='lat' dir='ltr'><strong>in</strong></span> <span class='ocrx_word' id='word_1_275' title='bbox 1112 3006 1280 3060; x_wconf 88' lang='lat' dir='ltr'><strong>contrarium</strong></span> <span class='ocrx_word' id='word_1_276' title='bbox 1300 3004 1427 3069; x_wconf 84' lang='lat' dir='ltr'><strong>uertitur,</strong></span> 
     </span>
     <span class='ocr_line' id='line_1_29' title="bbox 202 3093 1427 3166; baseline 0 -20"><span class='ocrx_word' id='word_1_277' title='bbox 202 3093 275 3160; x_wconf 90' lang='lat' dir='ltr'><strong>quod</strong></span> <span class='ocrx_word' id='word_1_278' title='bbox 293 3111 464 3162; x_wconf 89' lang='lat' dir='ltr'><strong>quamquam</strong></span> <span class='ocrx_word' id='word_1_279' title='bbox 482 3095 512 3148; x_wconf 95' lang='lat' dir='ltr'><strong>in</strong></span> <span class='ocrx_word' id='word_1_280' title='bbox 530 3098 646 3163; x_wconf 86' lang='lat' dir='ltr'><strong>utroquo</strong></span> <span class='ocrx_word' id='word_1_281' title='bbox 665 3095 746 3150; x_wconf 86' lang='lat' dir='ltr'><strong>facile</strong></span> <span class='ocrx_word' id='word_1_282' title='bbox 764 3096 857 3164; x_wconf 86' lang='lat' dir='ltr'><strong>potnit</strong></span> <span class='ocrx_word' id='word_1_283' title='bbox 871 3096 995 3166; x_wconf 85' lang='lat' dir='ltr'><strong>neglegi,</strong></span> <span class='ocrx_word' id='word_1_284' title='bbox 1015 3098 1109 3150; x_wconf 87' lang='lat' dir='ltr'><strong>tamen</strong></span> <span class='ocrx_word' id='word_1_285' title='bbox 1128 3095 1151 3149; x_wconf 89' lang='lat' dir='ltr'><strong>si</strong></span> <span class='ocrx_word' id='word_1_286' title='bbox 1169 3112 1231 3147; x_wconf 89' lang='lat' dir='ltr'><strong>cnm</strong></span> <span class='ocrx_word' id='word_1_287' title='bbox 1250 3094 1346 3148; x_wconf 89' lang='lat' dir='ltr'><strong>ceteris</strong></span> <span class='ocrx_word' id='word_1_288' title='bbox 1366 3111 1427 3147; x_wconf 93' lang='lat' dir='ltr'><strong>con·</strong></span> 
     </span>
     <span class='ocr_line' id='line_1_30' title="bbox 202 3182 1428 3253; baseline -0.002 -17"><span class='ocrx_word' id='word_1_289' title='bbox 202 3185 325 3250; x_wconf 89' lang='lat' dir='ltr'><strong>paratur,</strong></span> <span class='ocrx_word' id='word_1_290' title='bbox 345 3183 500 3238; x_wconf 77' lang='lat' dir='ltr'><strong>artissimas</strong></span> <span class='ocrx_word' id='word_1_291' title='bbox 519 3184 643 3238; x_wconf 88' lang='lat' dir='ltr'><strong>codicum</strong></span> <span class='ocrx_word' id='word_1_292' title='bbox 662 3185 815 3239; x_wconf 89' lang='lat' dir='ltr'><strong>adfinitatis</strong></span> <span class='ocrx_word' id='word_1_293' title='bbox 834 3198 936 3239; x_wconf 87' lang='lat' dir='ltr'><strong>nonum</strong></span> <span class='ocrx_word' id='word_1_294' title='bbox 960 3190 1002 3239; x_wconf 85' lang='lat' dir='ltr'><strong>cst</strong></span> <span class='ocrx_word' id='word_1_295' title='bbox 1024 3187 1226 3253; x_wconf 86' lang='lat' dir='ltr'><strong>argumentum.</strong></span> <span class='ocrx_word' id='word_1_296' title='bbox 1264 3200 1315 3236; x_wconf 92' lang='lat' dir='ltr'><strong>nec</strong></span> <span class='ocrx_word' id='word_1_297' title='bbox 1336 3182 1428 3235; x_wconf 89' lang='lat' dir='ltr'><strong>minus</strong></span> 
     </span>
     <span class='ocr_line' id='line_1_31' title="bbox 202 3269 1428 3342; baseline -0.001 -18"><span class='ocrx_word' id='word_1_298' title='bbox 202 3289 273 3339; x_wconf 90' lang='lat' dir='ltr'><strong>quae</strong></span> <span class='ocrx_word' id='word_1_299' title='bbox 292 3269 309 3324; x_wconf 90' lang='grc'>4</span> <span class='ocrx_word' id='word_1_300' title='bbox 328 3273 362 3326; x_wconf 85' lang='grc'><strong>10</strong></span> <span class='ocrx_word' id='word_1_301' title='bbox 386 3276 477 3328; x_wconf 81' lang='lat' dir='ltr'><strong>exstat</strong></span> <span class='ocrx_word' id='word_1_302' title='bbox 500 3273 649 3328; x_wconf 84' lang='lat' dir='ltr'><strong>manifesta</strong></span> <span class='ocrx_word' id='word_1_303' title='bbox 671 3274 779 3342; x_wconf 85' lang='lat' dir='ltr'><strong>lacuna,</strong></span> <span class='ocrx_word' id='word_1_304' title='bbox 803 3274 850 3328; x_wconf 92' lang='lat' dir='ltr'><strong>nbi</strong></span> <span class='ocrx_word' id='word_1_305' title='bbox 872 3275 940 3328; x_wconf 84' lang='lat' dir='ltr'><strong>haec</strong></span> <span class='ocrx_word' id='word_1_306' title='bbox 963 3273 1115 3342; x_wconf 90' lang='lat' dir='ltr'><strong>supplenda</strong></span> <span class='ocrx_word' id='word_1_307' title='bbox 1134 3275 1198 3325; x_wconf 88' lang='lat' dir='ltr'><strong>sunt</strong></span> <span class='ocrx_word' id='word_1_308' title='bbox 1217 3272 1301 3325; x_wconf 89' lang='lat' dir='ltr'><strong>uerba</strong></span> <span class='ocrx_word' id='word_1_309' title='bbox 1322 3273 1428 3324; x_wconf 71' lang='lat' dir='ltr'><strong>Graece</strong></span> 
     </span>
     <span class='ocr_line' id='line_1_32' title="bbox 202 3363 636 3430; baseline 0.009 -18"><span class='ocrx_word' id='word_1_310' title='bbox 202 3363 316 3426; x_wconf 76' lang='lat' dir='ltr'><strong>fueruat</strong></span> <span class='ocrx_word' id='word_1_311' title='bbox 336 3364 490 3430; x_wconf 66' lang='lat' dir='ltr'><strong>Gorgonum</strong></span> <span class='ocrx_word' id='word_1_312' title='bbox 509 3365 636 3416; x_wconf 68' lang='lat' dir='ltr'><strong>custodes.</strong></span> 
     </span>
    </p>
   </div>
   <div class='ocr_carea' id='block_1_7' title="bbox 296 3449 1529 3519">
    <p class='ocr_par' dir='ltr' id='par_1_9' title="bbox 296 3449 1529 3519">
     <span class='ocr_line' id='line_1_33' title="bbox 296 3449 1529 3519; baseline -0.004 -15"><span class='ocrx_word' id='word_1_313' title='bbox 296 3449 333 3515; x_wconf 80' lang='lat'><strong>¹⁰)</strong></span> <span class='ocrx_word' id='word_1_314' title='bbox 353 3451 442 3505; x_wconf 84' lang='lat' dir='ltr'><strong>‘Arati</strong></span> <span class='ocrx_word' id='word_1_315' title='bbox 461 3452 564 3505; x_wconf 89' lang='lat' dir='ltr'><strong>librum</strong></span> <span class='ocrx_word' id='word_1_316' title='bbox 583 3451 815 3519; x_wconf 72' lang='lat' dir='ltr'><strong>antiquissimum*</strong></span> <span class='ocrx_word' id='word_1_317' title='bbox 840 3468 922 3519; x_wconf 92' lang='lat' dir='ltr'><strong>quem</strong></span> <span class='ocrx_word' id='word_1_318' title='bbox 940 3450 1069 3518; x_wconf 80' lang='lat' dir='ltr'><strong>Cyriacus</strong></span> <span class='ocrx_word' id='word_1_319' title='bbox 1088 3449 1209 3517; x_wconf 83' lang='lat' dir='ltr'><strong>inspexit</strong></span> <span class='ocrx_word' id='word_1_320' title='bbox 1227 3465 1324 3503; x_wconf 88' lang='lat' dir='ltr'><strong>reuera</strong></span> <span class='ocrx_word' id='word_1_321' title='bbox 1342 3465 1429 3500; x_wconf 91' lang='lat' dir='ltr'><strong>unum</strong></span> <span class='ocrx_word' id='word_1_322' title='bbox 1526 3462 1529 3469; x_wconf 60' lang='lat'><em>‘</em></span> 
     </span>
    </p>
   </div>
   <div class='ocr_carea' id='block_1_8' title="bbox 203 3539 1433 4592">
    <p class='ocr_par' dir='ltr' id='par_1_10' title="bbox 203 3539 1433 4592">
     <span class='ocr_line' id='line_1_34' title="bbox 203 3539 1429 3608; baseline -0.002 -18"><span class='ocrx_word' id='word_1_323' title='bbox 203 3539 286 3593; x_wconf 85' lang='lat' dir='ltr'><strong>fuisse</strong></span> <span class='ocrx_word' id='word_1_324' title='bbox 304 3556 422 3608; x_wconf 86' lang='lat' dir='ltr'><strong>eumque</strong></span> <span class='ocrx_word' id='word_1_325' title='bbox 441 3541 577 3595; x_wconf 81' lang='lat' dir='ltr'><strong>Ciceronis</strong></span> <span class='ocrx_word' id='word_1_326' title='bbox 596 3543 759 3596; x_wconf 83' lang='lat' dir='ltr'><strong>Arateornm</strong></span> <span class='ocrx_word' id='word_1_327' title='bbox 782 3540 902 3596; x_wconf 89' lang='lat' dir='ltr'><strong>codicem</strong></span> <span class='ocrx_word' id='word_1_328' title='bbox 920 3540 991 3593; x_wconf 90' lang='lat' dir='ltr'><strong>nihil</strong></span> <span class='ocrx_word' id='word_1_329' title='bbox 1011 3542 1053 3593; x_wconf 88' lang='lat' dir='ltr'><strong>est</strong></span> <span class='ocrx_word' id='word_1_330' title='bbox 1070 3556 1119 3592; x_wconf 90' lang='lat' dir='ltr'><strong>cur</strong></span> <span class='ocrx_word' id='word_1_331' title='bbox 1135 3555 1274 3608; x_wconf 87' lang='lat' dir='ltr'><strong>negemus.</strong></span> <span class='ocrx_word' id='word_1_332' title='bbox 1312 3555 1377 3590; x_wconf 89' lang='lat' dir='ltr'><strong>nam</strong></span> <span class='ocrx_word' id='word_1_333' title='bbox 1396 3553 1429 3589; x_wconf 87' lang='lat' dir='ltr'><strong>ex</strong></span> 
     </span>
     <span class='ocr_line' id='line_1_35' title="bbox 204 3626 1429 3700; baseline -0.004 -18"><span class='ocrx_word' id='word_1_334' title='bbox 204 3646 259 3683; x_wconf 91' lang='lat' dir='ltr'><strong>nno</strong></span> <span class='ocrx_word' id='word_1_335' title='bbox 282 3632 366 3697; x_wconf 85' lang='lat' dir='ltr'><strong>atque</strong></span> <span class='ocrx_word' id='word_1_336' title='bbox 389 3630 485 3684; x_wconf 91' lang='lat' dir='ltr'><strong>eodem</strong></span> <span class='ocrx_word' id='word_1_337' title='bbox 508 3631 600 3686; x_wconf 90' lang='lat' dir='ltr'><strong>codice</strong></span> <span class='ocrx_word' id='word_1_338' title='bbox 623 3631 769 3700; x_wconf 82' lang='lat' dir='ltr'><strong>Cyriacnm</strong></span> <span class='ocrx_word' id='word_1_339' title='bbox 792 3634 925 3698; x_wconf 86' lang='lat' dir='ltr'><strong>quattuor</strong></span> <span class='ocrx_word' id='word_1_340' title='bbox 946 3629 997 3682; x_wconf 91' lang='lat' dir='ltr'><strong>illa</strong></span> <span class='ocrx_word' id='word_1_341' title='bbox 1020 3629 1178 3697; x_wconf 85' lang='lat' dir='ltr'><strong>fragmenta</strong></span> <span class='ocrx_word' id='word_1_342' title='bbox 1202 3626 1372 3694; x_wconf 82' lang='lat' dir='ltr'><strong>exscripsisse</strong></span> <span class='ocrx_word' id='word_1_343' title='bbox 1397 3642 1429 3678; x_wconf 87' lang='lat' dir='ltr'><strong>ex</strong></span> 
     </span>
     <span class='ocr_line' id='line_1_36' title="bbox 203 3715 1430 3788; baseline -0.002 -18"><span class='ocrx_word' id='word_1_344' title='bbox 203 3718 270 3787; x_wconf 91' lang='lat' dir='ltr'><strong>ipsis</strong></span> <span class='ocrx_word' id='word_1_345' title='bbox 284 3718 342 3772; x_wconf 88' lang='lat' dir='ltr'><strong>cius</strong></span> <span class='ocrx_word' id='word_1_346' title='bbox 356 3719 447 3773; x_wconf 89' lang='lat' dir='ltr'><strong>uerbis</strong></span> <span class='ocrx_word' id='word_1_347' title='bbox 466 3720 508 3784; x_wconf 88' lang='lat' dir='ltr'><strong>(cf.</strong></span> <span class='ocrx_word' id='word_1_348' title='bbox 524 3720 596 3774; x_wconf 92' lang='lat' dir='ltr'><strong>illud</strong></span> <span class='ocrx_word' id='word_1_349' title='bbox 609 3725 671 3775; x_wconf 78' lang='lat' dir='ltr'><strong>item</strong></span> <span class='ocrx_word' id='word_1_350' title='bbox 689 3721 806 3775; x_wconf 87' lang='lat' dir='ltr'><strong>secundo</strong></span> <span class='ocrx_word' id='word_1_351' title='bbox 821 3722 849 3774; x_wconf 90' lang='grc'><strong>11</strong></span> <span class='ocrx_word' id='word_1_352' title='bbox 863 3719 946 3775; x_wconf 83' lang='lat' dir='ltr'><strong>tertio</strong></span> <span class='ocrx_word' id='word_1_353' title='bbox 960 3718 1116 3788; x_wconf 86' lang='lat' dir='ltr'><strong>fragmento</strong></span> <span class='ocrx_word' id='word_1_354' title='bbox 1130 3715 1290 3786; x_wconf 80' lang='lat' dir='ltr'><strong>praefixum)</strong></span> <span class='ocrx_word' id='word_1_355' title='bbox 1305 3717 1430 3783; x_wconf 83' lang='lat' dir='ltr'><strong>apparet.</strong></span> 
     </span>
     <span class='ocr_line' id='line_1_37' title="bbox 203 3804 1430 3876; baseline -0.005 -16"><span class='ocrx_word' id='word_1_356' title='bbox 203 3825 293 3876; x_wconf 91' lang='lat' dir='ltr'><strong>neque</strong></span> <span class='ocrx_word' id='word_1_357' title='bbox 306 3807 336 3861; x_wconf 94' lang='lat' dir='ltr'><strong>id</strong></span> <span class='ocrx_word' id='word_1_358' title='bbox 350 3808 414 3862; x_wconf 87' lang='lat' dir='ltr'><strong>licet</strong></span> <span class='ocrx_word' id='word_1_359' title='bbox 428 3808 569 3876; x_wconf 86' lang='lat' dir='ltr'><strong>suspicari,</strong></span> <span class='ocrx_word' id='word_1_360' title='bbox 584 3809 663 3863; x_wconf 90' lang='lat' dir='ltr'><strong>illum</strong></span> <span class='ocrx_word' id='word_1_361' title='bbox 679 3809 798 3863; x_wconf 91' lang='lat' dir='ltr'><strong>codicem</strong></span> <span class='ocrx_word' id='word_1_362' title='bbox 811 3809 853 3863; x_wconf 91' lang='lat' dir='ltr'><strong>ita</strong></span> <span class='ocrx_word' id='word_1_363' title='bbox 866 3808 949 3863; x_wconf 82' lang='lat' dir='ltr'><strong>fuisse</strong></span> <span class='ocrx_word' id='word_1_364' title='bbox 963 3807 1130 3861; x_wconf 87' lang='lat' dir='ltr'><strong>instructum</strong></span> <span class='ocrx_word' id='word_1_365' title='bbox 1144 3809 1184 3871; x_wconf 87' lang='lat' dir='ltr'><strong>ut,</strong></span> <span class='ocrx_word' id='word_1_366' title='bbox 1199 3824 1260 3860; x_wconf 92' lang='lat' dir='ltr'><strong>cnm</strong></span> <span class='ocrx_word' id='word_1_367' title='bbox 1275 3804 1430 3872; x_wconf 85' lang='lat' dir='ltr'><strong>imaginum</strong></span> 
     </span>
     <span class='ocr_line' id='line_1_38' title="bbox 207 3893 1430 3967; baseline -0.005 -17"><span class='ocrx_word' id='word_1_368' title='bbox 207 3897 367 3951; x_wconf 86' lang='lat' dir='ltr'><strong>caelestium</strong></span> <span class='ocrx_word' id='word_1_369' title='bbox 390 3898 532 3967; x_wconf 86' lang='lat' dir='ltr'><strong>signorum</strong></span> <span class='ocrx_word' id='word_1_370' title='bbox 551 3899 642 3966; x_wconf 88' lang='lat' dir='ltr'><strong>potius</strong></span> <span class='ocrx_word' id='word_1_371' title='bbox 660 3898 732 3952; x_wconf 86' lang='lat' dir='ltr'><strong>ratio</strong></span> <span class='ocrx_word' id='word_1_372' title='bbox 755 3898 902 3952; x_wconf 84' lang='lat' dir='ltr'><strong>haberetur</strong></span> <span class='ocrx_word' id='word_1_373' title='bbox 920 3915 1005 3964; x_wconf 89' lang='lat' dir='ltr'><strong>quam</strong></span> <span class='ocrx_word' id='word_1_374' title='bbox 1027 3896 1153 3965; x_wconf 85' lang='lat' dir='ltr'><strong>integrae</strong></span> <span class='ocrx_word' id='word_1_375' title='bbox 1172 3898 1200 3949; x_wconf 89' lang='lat' dir='ltr'><strong>et</strong></span> <span class='ocrx_word' id='word_1_376' title='bbox 1217 3896 1287 3948; x_wconf 91' lang='lat' dir='ltr'><strong>bene</strong></span> <span class='ocrx_word' id='word_1_377' title='bbox 1305 3893 1430 3959; x_wconf 86' lang='lat' dir='ltr'><strong>digestae</strong></span> 
     </span>
     <span class='ocr_line' id='line_1_39' title="bbox 206 3982 1430 4056; baseline -0.005 -16"><span class='ocrx_word' id='word_1_378' title='bbox 206 3987 334 4040; x_wconf 83' lang='lat' dir='ltr'><strong>carminis</strong></span> <span class='ocrx_word' id='word_1_379' title='bbox 361 3986 458 4040; x_wconf 88' lang='lat' dir='ltr'><strong>Aratei</strong></span> <span class='ocrx_word' id='word_1_380' title='bbox 485 3987 641 4050; x_wconf 86' lang='lat' dir='ltr'><strong>memoriae,</strong></span> <span class='ocrx_word' id='word_1_381' title='bbox 668 3988 779 4056; x_wconf 91' lang='lat' dir='ltr'><strong>singula</strong></span> <span class='ocrx_word' id='word_1_382' title='bbox 806 3986 874 4040; x_wconf 88' lang='lat' dir='ltr'><strong>folia</strong></span> <span class='ocrx_word' id='word_1_383' title='bbox 900 4002 934 4039; x_wconf 83' lang='lat' dir='ltr'><strong>cx</strong></span> <span class='ocrx_word' id='word_1_384' title='bbox 960 3985 1065 4039; x_wconf 91' lang='lat' dir='ltr'><strong>duobus</strong></span> <span class='ocrx_word' id='word_1_385' title='bbox 1092 3985 1168 4039; x_wconf 87' lang='lat' dir='ltr'><strong>codd.</strong></span> <span class='ocrx_word' id='word_1_386' title='bbox 1196 3983 1314 4046; x_wconf 85' lang='lat' dir='ltr'><strong>Arateis,</strong></span> <span class='ocrx_word' id='word_1_387' title='bbox 1343 3982 1430 4034; x_wconf 84' lang='lat' dir='ltr'><strong>altero</strong></span> 
     </span>
     <span class='ocr_line' id='line_1_40' title="bbox 207 4070 1430 4144; baseline -0.007 -14"><span class='ocrx_word' id='word_1_388' title='bbox 207 4075 342 4131; x_wconf 70' lang='lat' dir='ltr'><strong>Ciceronis</strong></span> <span class='ocrx_word' id='word_1_389' title='bbox 378 4075 488 4129; x_wconf 87' lang='lat' dir='ltr'><strong>scholiis</strong></span> <span class='ocrx_word' id='word_1_390' title='bbox 524 4076 692 4144; x_wconf 85' lang='lat' dir='ltr'><strong>Hyginianis</strong></span> <span class='ocrx_word' id='word_1_391' title='bbox 726 4079 818 4138; x_wconf 92' lang='lat' dir='ltr'><strong>aucto,</strong></span> <span class='ocrx_word' id='word_1_392' title='bbox 857 4075 944 4128; x_wconf 88' lang='lat' dir='ltr'><strong>altero</strong></span> <span class='ocrx_word' id='word_1_393' title='bbox 976 4074 1132 4128; x_wconf 81' lang='lat' dir='ltr'><strong>Germanici</strong></span> <span class='ocrx_word' id='word_1_394' title='bbox 1169 4072 1278 4127; x_wconf 91' lang='lat' dir='ltr'><strong>scholiis</strong></span> <span class='ocrx_word' id='word_1_395' title='bbox 1315 4070 1430 4140; x_wconf 84' lang='lat' dir='ltr'><strong>Sanger·</strong></span> 
     </span>
     <span class='ocr_line' id='line_1_41' title="bbox 207 4161 1431 4233; baseline -0.008 -13"><span class='ocrx_word' id='word_1_396' title='bbox 207 4166 383 4221; x_wconf 90' lang='lat' dir='ltr'><strong>manensibus</strong></span> <span class='ocrx_word' id='word_1_397' title='bbox 406 4163 564 4233; x_wconf 84' lang='lat' dir='ltr'><strong>adscriptis,</strong></span> <span class='ocrx_word' id='word_1_398' title='bbox 592 4164 622 4217; x_wconf 89' lang='lat' dir='ltr'><strong>in</strong></span> <span class='ocrx_word' id='word_1_399' title='bbox 645 4182 730 4217; x_wconf 91' lang='lat' dir='ltr'><strong>unum</strong></span> <span class='ocrx_word' id='word_1_400' title='bbox 754 4164 855 4218; x_wconf 90' lang='lat' dir='ltr'><strong>librum</strong></span> <span class='ocrx_word' id='word_1_401' title='bbox 878 4164 968 4216; x_wconf 86' lang='lat' dir='ltr'><strong>essent</strong></span> <span class='ocrx_word' id='word_1_402' title='bbox 991 4161 1140 4230; x_wconf 87' lang='lat' dir='ltr'><strong>conposita.</strong></span> <span class='ocrx_word' id='word_1_403' title='bbox 1177 4179 1243 4215; x_wconf 88' lang='lat' dir='ltr'><strong>nam</strong></span> <span class='ocrx_word' id='word_1_404' title='bbox 1261 4177 1431 4229; x_wconf 90' lang='lat' dir='ltr'><strong>quamquam</strong></span> 
     </span>
     <span class='ocr_line' id='line_1_42' title="bbox 209 4248 1429 4323; baseline -0.007 -15"><span class='ocrx_word' id='word_1_405' title='bbox 209 4256 298 4310; x_wconf 90' lang='lat' dir='ltr'><strong>simile</strong></span> <span class='ocrx_word' id='word_1_406' title='bbox 317 4255 384 4323; x_wconf 88' lang='lat' dir='ltr'><strong>quid</strong></span> <span class='ocrx_word' id='word_1_407' title='bbox 401 4253 494 4323; x_wconf 89' lang='lat' dir='ltr'><strong>potuit</strong></span> <span class='ocrx_word' id='word_1_408' title='bbox 512 4254 571 4308; x_wconf 89' lang='lat' dir='ltr'><strong>fieri</strong></span> <span class='ocrx_word' id='word_1_409' title='bbox 589 4253 619 4307; x_wconf 91' lang='lat' dir='ltr'><strong>in</strong></span> <span class='ocrx_word' id='word_1_410' title='bbox 633 4255 728 4319; x_wconf 88' lang='lat' dir='ltr'><strong>Arato,</strong></span> <span class='ocrx_word' id='word_1_411' title='bbox 747 4253 791 4307; x_wconf 90' lang='lat' dir='ltr'><strong>cui</strong></span> <span class='ocrx_word' id='word_1_412' title='bbox 810 4257 838 4306; x_wconf 89' lang='lat' dir='ltr'><strong>et</strong></span> <span class='ocrx_word' id='word_1_413' title='bbox 857 4268 955 4321; x_wconf 83' lang='lat' dir='ltr'><strong>graeco</strong></span> <span class='ocrx_word' id='word_1_414' title='bbox 973 4254 1002 4306; x_wconf 91' lang='lat' dir='ltr'><strong>et</strong></span> <span class='ocrx_word' id='word_1_415' title='bbox 1020 4251 1109 4304; x_wconf 88' lang='lat' dir='ltr'><strong>latino</strong></span> <span class='ocrx_word' id='word_1_416' title='bbox 1125 4250 1240 4304; x_wconf 90' lang='lat' dir='ltr'><strong>‘librarii</strong></span> <span class='ocrx_word' id='word_1_417' title='bbox 1258 4252 1286 4304; x_wconf 89' lang='lat' dir='ltr'><strong>ct</strong></span> <span class='ocrx_word' id='word_1_418' title='bbox 1305 4248 1429 4317; x_wconf 85' lang='lat' dir='ltr'><strong>pictores&#39;</strong></span> 
     </span>
     <span class='ocr_line' id='line_1_43' title="bbox 208 4327 1430 4409; baseline -0.01 -9"><span class='ocrx_word' id='word_1_419' title='bbox 208 4327 289 4400; x_wconf 87' lang='lat' dir='ltr'><strong>tanto</strong></span> <span class='ocrx_word' id='word_1_420' title='bbox 316 4345 481 4399; x_wconf 87' lang='lat' dir='ltr'><strong>detrimento</strong></span> <span class='ocrx_word' id='word_1_421' title='bbox 508 4343 628 4407; x_wconf 86' lang='lat' dir='ltr'><strong>fuerunt,</strong></span> <span class='ocrx_word' id='word_1_422' title='bbox 656 4346 752 4398; x_wconf 89' lang='lat' dir='ltr'><strong>tamen</strong></span> <span class='ocrx_word' id='word_1_423' title='bbox 777 4341 881 4396; x_wconf 88' lang='lat' dir='ltr'><strong>scholia</strong></span> <span class='ocrx_word' id='word_1_424' title='bbox 904 4358 976 4409; x_wconf 89' lang='lat' dir='ltr'><strong>quae</strong></span> <span class='ocrx_word' id='word_1_425' title='bbox 998 4340 1157 4409; x_wconf 86' lang='lat' dir='ltr'><strong>Breysigins</strong></span> <span class='ocrx_word' id='word_1_426' title='bbox 1180 4339 1293 4393; x_wconf 88' lang='lat' dir='ltr'><strong>uocauit</strong></span> <span class='ocrx_word' id='word_1_427' title='bbox 1315 4337 1430 4405; x_wconf 82' lang='lat' dir='ltr'><strong>Sangar-</strong></span> 
     </span>
     <span class='ocr_line' id='line_1_44' title="bbox 209 4426 1433 4500; baseline -0.005 -14"><span class='ocrx_word' id='word_1_428' title='bbox 209 4433 352 4488; x_wconf 88' lang='lat' dir='ltr'><strong>manensia</strong></span> <span class='ocrx_word' id='word_1_429' title='bbox 366 4451 427 4488; x_wconf 90' lang='lat' dir='ltr'><strong>cum</strong></span> <span class='ocrx_word' id='word_1_430' title='bbox 442 4433 562 4487; x_wconf 88' lang='lat' dir='ltr'><strong>carmine</strong></span> <span class='ocrx_word' id='word_1_431' title='bbox 575 4433 677 4487; x_wconf 84' lang='lat' dir='ltr'><strong>Aratco</strong></span> <span class='ocrx_word' id='word_1_432' title='bbox 694 4449 784 4500; x_wconf 87' lang='lat' dir='ltr'><strong>neque</strong></span> <span class='ocrx_word' id='word_1_433' title='bbox 795 4432 825 4484; x_wconf 92' lang='lat' dir='ltr'><strong>in</strong></span> <span class='ocrx_word' id='word_1_434' title='bbox 838 4430 939 4485; x_wconf 87' lang='lat' dir='ltr'><strong>nostris</strong></span> <span class='ocrx_word' id='word_1_435' title='bbox 955 4429 1112 4484; x_wconf 82' lang='lat' dir='ltr'><strong>Germanici</strong></span> <span class='ocrx_word' id='word_1_436' title='bbox 1131 4428 1267 4482; x_wconf 89' lang='lat' dir='ltr'><strong>codicibus</strong></span> <span class='ocrx_word' id='word_1_437' title='bbox 1285 4426 1433 4480; x_wconf 87' lang='lat' dir='ltr'><strong>coniuncta</strong></span> 
     </span>
     <span class='ocr_line' id='line_1_45' title="bbox 209 4515 1431 4592; baseline -0.009 -13"><span class='ocrx_word' id='word_1_438' title='bbox 209 4527 274 4579; x_wconf 87' lang='lat' dir='ltr'><strong>sunt</strong></span> <span class='ocrx_word' id='word_1_439' title='bbox 292 4540 381 4592; x_wconf 87' lang='lat' dir='ltr'><strong>neque</strong></span> <span class='ocrx_word' id='word_1_440' title='bbox 398 4523 428 4576; x_wconf 90' lang='lat' dir='ltr'><strong>in</strong></span> <span class='ocrx_word' id='word_1_441' title='bbox 447 4539 478 4576; x_wconf 90' lang='lat' dir='ltr'><strong>eo</strong></span> <span class='ocrx_word' id='word_1_442' title='bbox 496 4522 615 4587; x_wconf 84' lang='grc'><strong>11111111,</strong></span> <span class='ocrx_word' id='word_1_443' title='bbox 639 4538 673 4575; x_wconf 82' lang='lat' dir='ltr'><strong>ex</strong></span> <span class='ocrx_word' id='word_1_444' title='bbox 690 4539 745 4589; x_wconf 91' lang='lat' dir='ltr'><strong>quo</strong></span> <span class='ocrx_word' id='word_1_445' title='bbox 764 4519 895 4590; x_wconf 90' lang='lat' dir='ltr'><strong>Delphini</strong></span> <span class='ocrx_word' id='word_1_446' title='bbox 920 4519 990 4573; x_wconf 92' lang='lat' dir='ltr'><strong>illud</strong></span> <span class='ocrx_word' id='word_1_447' title='bbox 1013 4517 1135 4574; x_wconf 86' lang='lat' dir='ltr'><strong>scholion</strong></span> <span class='ocrx_word' id='word_1_448' title='bbox 1152 4517 1240 4572; x_wconf 85' lang='lat' dir='ltr'><strong>finxit.</strong></span> <span class='ocrx_word' id='word_1_449' title='bbox 1260 4534 1286 4572; x_wconf 91' lang='lat' dir='ltr'><strong>u.</strong></span> <span class='ocrx_word' id='word_1_450' title='bbox 1306 4515 1431 4583; x_wconf 88' lang='lat' dir='ltr'><strong>epimet.</strong></span> 
     </span>
    </p>
   </div>
   <div class='ocr_carea' id='block_1_9' title="bbox 0 0 1644 5040">
    <p class='ocr_par' dir='ltr' id='par_1_11' title="bbox 0 0 1644 5040">
     <span class='ocr_line' id='line_1_46' title="bbox 0 0 1644 5040; baseline 0 0"><span class='ocrx_word' id='word_1_451' title='bbox 0 0 1644 5040; x_wconf 95' lang='lat' dir='ltr'><strong> </strong></span> 
     </span>
    </p>
   </div>
  </div>
 </body>
</html>
