3254 5040
796 316 888 391 tt,

203 527 319 573 uocaui
349 514 570 594 excerptum
593 508 821 594 Parisinum‚
850 529 921 574 cum
948 511 1031 575 bene
1054 509 1101 573 ita
1130 509 1309 594 conueniat,
1337 510 1427 574 utin

202 614 261 679 illa
299 614 439 699 sphaera
476 613 677 681 describatur
709 622 742 681 et
774 616 903 699 singula
941 616 1036 700 signa
1072 616 1249 682 secundum
1284 621 1428 680 mutuum

203 742 314 787 eorum
342 722 439 789 situm
467 728 698 806 enumerentur,
726 723 761 788 in
784 743 852 790 exc.
876 723 979 789 Paris.
1002 723 1199 805 imaginibus
1228 722 1427 806 singulorum

203 829 324 895 Arateo
348 828 459 894 ordine
488 827 624 913 depictis
649 829 815 895 stellarum
839 829 981 913 catalogi
1005 829 1108 894 additi
1132 829 1205 915 sint,
1233 836 1427 895 tamennon

204 937 245 1001 ab
279 935 392 1002 eodem
422 935 551 1000 homine
584 956 641 1001 eas
674 937 840 1003 confectas
877 957 950 1003 esse
987 936 1078 1002 initio
1112 937 1255 1021 excerpti
1287 936 1428 1002 Parisini

174 1044 369 1126 probatur,
398 1040 458 1108 sed
483 1049 599 1126 postea
625 1042 659 1108 in
687 1044 773 1109 hanc
801 1043 945 1129 sylloges
971 1050 1096 1128 partem
1125 1043 1315 1109 coniunctae
1343 1050 1425 1109 sunt.

203 1147 262 1214 sed
286 1154 470 1234 excerptum
485 1150 555 1214 Par.
576 1156 691 1216 octauo
715 1150 854 1217 fortasse
877 1152 943 1216 iam
966 1151 1097 1217 saeculo
1121 1150 1264 1235 debetur,
1288 1171 1361 1216 cum
1375 1171 1427 1216 ex-

202 1255 356 1342 scriptum
380 1255 423 1322 sit
446 1277 487 1322 ex
510 1256 623 1322 codice
646 1259 766 1324 nostris
784 1258 1020 1325 Basileensium
1045 1258 1239 1325 scholiorum
1261 1257 1427 1324 codicibus

201 1364 290 1445 (Bas.
322 1383 407 1429 saec.
429 1363 507 1429 VIII
537 1371 568 1428 et
591 1365 665 1431 Par.
695 1386 780 1432 saec.
803 1366 863 1442 IX)
896 1365 1029 1431 meliore
1059 1372 1090 1431 et
1122 1373 1230 1431 tamen
1264 1365 1426 1432 simillimo

202 1468 246 1556 (u.
264 1471 430 1556 epimetr.).
468 1492 573 1554 neque
597 1473 714 1538 certius
738 1472 915 1556 quidquam
939 1473 979 1538 de
1002 1473 1161 1559 ‘excerpto
1177 1473 1218 1538 dc
1239 1472 1425 1556 astrologia'
1537 1493 1540 1499 ’

205 1583 346 1643 statuere
369 1599 453 1643 nunc
477 1577 607 1661 quidem
630 1579 745 1647 audeo.

289 1721 333 1787 Ut
359 1721 392 1786 in
420 1721 516 1788 huius
549 1722 692 1807 syllogcs
725 1723 787 1788 hac
818 1732 911 1807 parte
942 1723 1137 1807 ‘excerptum
1169 1722 1210 1787 dc
1238 1722 1425 1805 astrologia'

202 1848 273 1893 cum
302 1829 466 1911 signorum
495 1828 650 1894 laterculo
679 1831 846 1914 conposito
871 1850 912 1895 ex
935 1830 1119 1895 Germanici
1148 1829 1288 1913 quodam
1315 1829 1426 1895 codice

203 1934 335 2001 scholiis
359 1955 443 2018 quae
456 1936 662 2002 Basileensia
685 1943 841 2002 uocantur
863 1938 1018 2002 instructo
1043 1936 1154 2017 (iuxta
1172 1935 1329 2018 Aratum')
1352 1957 1426 2002 con-

200 2041 342 2107 Iunctum
356 2048 414 2121 est,
439 2043 486 2108 sic
508 2042 596 2107 idem
618 2043 699 2108 illud
723 2051 908 2128 excerptum
932 2065 1004 2109 cum
1028 2045 1125 2110 simili
1148 2044 1256 2110 indice
1279 2044 1426 2109 uberiore

201 2169 242 2214 ex
274 2148 398 2234 Hygini
431 2148 511 2215 libro
541 2151 589 2213 III
622 2150 791 2235 desumpto
824 2151 857 2216 in
889 2173 987 2216 unum
1019 2151 1221 2217 coniunctum
1254 2158 1361 2217 exstat
1392 2151 1425 2215 in

200 2255 309 2321 libello
334 2276 382 2341 eo,
406 2276 499 2339 quem
524 2278 552 2321 a.
582 2260 665 2324 1861
690 2258 858 2342 Hesperus
884 2258 986 2324 edidit
1009 2279 1049 2324 ex
1073 2259 1142 2324 cod.
1166 2259 1269 2325 Paris.
1297 2257 1425 2325 140οΑ

200 2363 330 2428 membr.
355 2384 440 2429 saec.
463 2365 551 2449 XIV,
579 2365 634 2430 ubi
662 2365 692 2431 ei
721 2365 905 2431 inscribitur
933 2367 1066 2450 iginus
1094 2364 1351 2451 philosophus
1380 2363 1426 2428 de

199 2470 448 2554 ymaginibus
476 2471 609 2555 eeli40).
651 2472 745 2538 huius
775 2473 897 2540 codicis
927 2473 1093 2539 librarium
1120 2493 1184 2537 non
1212 2472 1317 2555 ipsum
1344 2470 1425 2536 haec

293 2736 329 2805 ⁴⁰)
349 2740 389 2792 Dc
407 2739 460 2792 hac
478 2738 599 2793 editione
618 2738 755 2809 (Hyginus
770 2739 838 2808 phil.
858 2740 890 2793 de
908 2740 992 2807 imag.
1008 2740 1085 2805 cadi,
1105 2739 1130 2791 d.
1144 2739 1162 2792 i.
1182 2739 1230 2792 das
1249 2738 1334 2793 dritte
1348 2739 1423 2793 Buch

200 2825 246 2880 des
264 2831 336 2896 poet.
357 2831 421 2881 astr.
437 2831 497 2893 eto,
517 2846 579 2881 zum
597 2831 687 2882 ersten
700 2829 773 2882 Male
793 2828 1016 2899 herausgegeben
1030 2847 1056 2882 v.
1075 2829 1104 2882 h.
1120 2829 1164 2882 W.
1179 2829 1293 2897 Hasper,
1312 2828 1425 2898 Leipzig

203 2915 281 2982 1861)
300 2916 367 2984 quid
385 2916 564 2970 iudicandum
583 2918 620 2970 stt
637 2917 695 2971 iam
713 2918 863 2971 Bursianus
881 2918 1003 2971 ostendii
1021 2917 1099 2984 (Litt.
1114 2917 1300 2972 Centralblatt
1314 2936 1338 2972 a.
1358 2918 1423 2970 1861

200 3023 226 3074 p.
246 3006 297 3059 854
317 3006 376 3074 sq.).
398 3023 521 3074 -quae
549 3009 611 3075 post
639 3024 695 3060 exc.
719 3006 752 3060 de
781 3007 873 3061 astrol.
902 3007 1041 3062 adduntur
1068 3007 1153 3061 uerba
1175 3005 1211 3076 (p.
1233 3005 1279 3073 15)
1303 3010 1424 3075 Denr‘qac

199 3097 265 3148 dicit
283 3096 396 3148 Plinius
414 3113 469 3164 eqs.
489 3113 523 3149 ex
542 3096 653 3150 Plinio
676 3096 703 3150 Il
723 3097 775 3150 110
792 3097 937 3151 fluxerunt.
974 3096 1005 3149 in
1023 3114 1054 3150 eo
1073 3096 1122 3164 qui
1140 3096 1265 3164 sequitur
1283 3096 1424 3166 signorum

199 3183 335 3238 laterculo
353 3203 409 3239 non
433 3185 521 3239 solum
540 3186 682 3240 stellarum
701 3186 822 3256 catalogi
841 3204 874 3240 ex
892 3186 1004 3255 Hygino
1028 3185 1157 3255 descripti
1175 3188 1248 3250 sunt,
1273 3186 1319 3239 sed
1338 3186 1424 3239 etiam

199 3291 270 3340 quac
289 3273 324 3327 iis
343 3275 519 3343 praecedunt,
539 3275 572 3328 de
590 3278 688 3329 mutuo
707 3293 800 3329 eorum
819 3276 883 3340 situ,
903 3276 936 3329 de
954 3275 1063 3329 circulis
1082 3274 1181 3342 quibus
1200 3274 1371 3340 diuiduntur,
1391 3275 1424 3330 de

198 3366 261 3417 ortu
280 3381 374 3418 eorum
393 3369 422 3419 et
440 3382 544 3418 occtusu.
582 3368 610 3418 et
629 3365 671 3418 ita
689 3365 800 3432 quidem
819 3369 859 3429 ut,
883 3383 1053 3433 quamquam
1073 3364 1215 3433 Hyginum
1233 3382 1289 3417 non
1306 3382 1368 3418 raro
1387 3365 1423 3418 ad

198 3454 312 3507 uerbum
331 3455 468 3520 exscribit,
493 3458 588 3508 tamen
611 3455 667 3507 suis
690 3453 800 3508 reddere
824 3455 915 3508 uerbis
933 3453 1095 3523 Hyginiana
1118 3470 1262 3522 perperam
1284 3453 1423 3507 interdum

198 3542 341 3597 intellecta
359 3544 449 3609 malit,
467 3544 608 3597 nonnullis
626 3543 693 3597 locis
712 3544 804 3597 aliena
817 3543 975 3598 admisceat.
1008 3543 1047 3596 sic
1065 3542 1095 3595 in
1109 3542 1200 3596 Tauro
1214 3544 1251 3611 (p.
1263 3544 1296 3596 23
1306 3542 1422 3612 Hasper)

197 3631 335 3685 Seruius
364 3636 593 3686 commemoratur
620 3633 659 3697 (in
683 3633 782 3701 Georg.
808 3633 884 3697 1217
908 3650 926 3685 a
949 3635 1031 3685 dorso
1053 3631 1162 3698 oritur).
1203 3634 1347 3700 praeterea
1369 3649 1421 3685 ex·

197 3725 348 3790 cerptum
367 3721 561 3775 Parisinum
586 3721 739 3783 adhibetur,
763 3721 805 3775 itu
823 3723 855 3774 ut
873 3720 1027 3789 compilator
1044 3719 1102 3785 ille,
1125 3720 1228 3789 quippe
1247 3720 1295 3787 qui
1314 3737 1369 3776 exc.
1389 3721 1422 3774 de

196 3811 289 3864 astrol.
317 3814 407 3865 toturn
434 3811 635 3880 perscripserit,
667 3811 746 3864 illam
773 3811 806 3864 de
833 3809 920 3880 signis
947 3812 1056 3878 partem
1088 3809 1207 3878 sylloges
1235 3812 1300 3862 ante
1331 3809 1422 3863 oculos

195 3899 323 3954 habuisse
346 3901 482 3954 uideatur.
519 3918 553 3954 ex
574 3901 624 3954 illo
647 3901 720 3954 enim
749 3903 874 3969 excerpto
897 3917 960 3954 cum
985 3900 1054 3967 alia,
1081 3902 1114 3952 ut
1141 3899 1254 3952 nomina
1279 3899 1421 3963 nonnulla,

195 3988 360 4058 desumpsit,
383 3993 443 4043 tum
467 3991 610 4044 stellarum
634 4008 767 4055 summas,
791 4006 862 4057 quae
885 3990 920 4043 ad
942 3989 1117 4059 Hyginianas
1141 3988 1253 4056 insuper
1274 3987 1420 4052 adduntur,

195 4095 283 4146 paene
301 4096 402 4133 omnes.
439 4080 523 4134 etiam
543 4081 602 4149 ipso
616 4081 717 4134 Arateo
736 4079 853 4147 quodam
874 4080 998 4148 exemplo
1014 4078 1127 4148 'Hygini
1141 4077 1305 4146 philosophi
1326 4081 1422 4131 auctor

195 4166 307 4221 uidetur
320 4187 384 4222 usus
398 4186 463 4233 esse,
482 4170 512 4222 ni
529 4170 612 4224 fallor
630 4168 824 4223 Germanici
843 4168 934 4222 codice
948 4168 1058 4222 scholiis
1076 4167 1302 4222 Beruensibus
1321 4166 1421 4220 nostris

195 4257 364 4311 uberioribus
384 4258 433 4323 (an
448 4258 756 4329 SangennanensibusI}
774 4257 909 4311 instructo
930 4259 966 4322 (u.
988 4276 1069 4326 supra
1088 4258 1151 4310 adn.
1172 4257 1225 4313 ael.
1258 4275 1308 4310 nec
1327 4259 1420 4309 tamen

194 4346 224 4399 in
248 4348 301 4400 hac
323 4365 352 4401 re
374 4366 448 4402 nune
471 4348 582 4415 quidem
606 4347 708 4401 morari
732 4347 805 4401 licet.
843 4346 873 4399 id
895 4363 960 4400 uero
983 4347 1053 4400 addo
1076 4347 1198 4401 confecto
1222 4345 1327 4414 Hygini
1349 4345 1420 4397 libro

194 4435 279 4490 tertio
297 4436 388 4490 locum
406 4436 439 4490 de
458 4436 556 4490 coluris
575 4453 608 4489 ex
626 4436 800 4490 Martiano
819 4435 933 4505 Capella
952 4436 1029 4502 (VlII
1043 4435 1093 4487 832
1108 4454 1147 4503 sq.
1165 4454 1192 4504 p.
1207 4433 1420 4498 ecura-3085

195 4526 281 4592 Eyss.)
301 4526 467 4594 exscriptum
481 4543 537 4579 esse
556 4527 593 4594 (p.
610 4527 651 4590 31,
666 4528 728 4594 post
742 4526 858 4594 Hesperi
872 4545 898 4579 n.
913 4527 951 4591 3),
971 4528 1000 4580 et
1012 4525 1135 4579 eiusdem
1154 4525 1273 4578 frustula
1287 4524 1421 4578 nonnulla

194 4614 363 4684 Hyginianis
382 4615 508 4685 adspersa
522 4633 587 4681 esse,
606 4614 636 4669 in
651 4615 758 4685 Cepheo
772 4615 864 4684 (1118)
884 4635 968 4670 unam
986 4634 1096 4669 monum
1115 4617 1184 4668 dans
1202 4617 1286 4684 lyrae,
1306 4617 1420 4668 alterum
