3254 5040
767 297 806 362 71

680 386 892 394 ——-—---

175 497 304 559 exstant
327 511 503 576 expressae
526 511 577 575 ap.
593 491 757 574 Migneum
780 497 802 558 t.
817 491 849 554 ll
865 493 1040 558 981-993
1064 491 1219 558 adiuncta
1241 492 1398 577 peculiari

174 598 215 664 de
239 599 383 664 bissexto
408 597 696 679 dissertatione²³).
733 605 845 664 contra
868 618 953 681 quae
972 617 1021 683 ep.
1038 601 1111 683 103,
1133 599 1190 664 ubi
1212 599 1282 682 regi
1305 600 1398 665 uaria

174 707 341 790 quaerenti
365 705 420 788 (de
435 703 606 770 concordia
630 705 749 771 solaris
763 711 796 770 et
809 705 932 771 lunaris
948 725 1069 791 corsua,
1094 705 1240 772 denario
1257 705 1397 772 siderum

174 833 278 898 cursu,
301 813 380 894 alia)
404 812 454 878 ‘ex
476 812 638 877 memoria’
662 811 845 898 respondet,
870 811 912 876 ‘in
935 813 1002 877 alia
1025 813 1174 879 chartula
1197 812 1239 880 de
1262 814 1295 878 ui
1319 814 1398 880 solis

175 920 363 1004 inaequales
386 938 499 986 cursus
528 919 708 986 errantibus
737 919 841 986 stellis
870 919 1029 986 facientis’
1054 927 1097 1004 (p.
1122 922 1201 1002 436)
1227 920 1398 1006 scripsisse

175 1047 210 1093 se
234 1025 321 1111 dicit,
344 1026 481 1112 periisse
504 1025 655 1092 uidentur
696 1032 739 1105 (n.
763 1026 848 1092 infra
871 1026 945 1092 adn.
969 1030 1034 1106 37).

262 1133 421 1199 ‘Albinum
458 1134 655 1218 magistrum’
697 1134 795 1200 etiam
831 1134 1009 1219 discipulos
1046 1154 1122 1201 suos
1162 1154 1234 1200 cum
1271 1133 1398 1200 aulicae

173 1241 305 1308 scholae
332 1247 399 1307 turn
428 1240 498 1307 cius
525 1261 622 1324 qnam
650 1242 722 1327 ipse
745 1241 789 1307 ad
816 1262 972 1307 summam
1002 1242 1138 1324 gloriam
1166 1242 1275 1308 euexit
1297 1244 1398 1307 Turo-

172 1349 282 1416 nensis
306 1348 453 1415 adhaec
477 1348 585 1414 studia
607 1349 763 1416 incitasse
786 1356 1038 1416 consentaneum
1062 1357 1120 1416 est.
1169 1348 1397 1415 celeberrimus

174 1475 283 1522 eorum
297 1456 497 1521 Hrabanus
512 1456 666 1523 Maurus
680 1455 852 1523 Fuldensis
866 1456 983 1522 librum
1006 1456 1052 1521 de
1076 1463 1252 1543 computo
1268 1456 1398 1541 scripsit

175 1567 216 1645 (a.
240 1565 328 1644 820),
357 1562 400 1627 ad
427 1582 520 1646 quem
548 1569 677 1647 praeter
704 1562 837 1649 Bedam‚
860 1563 1029 1641 Isidorum,
1058 1564 1286 1649 Boethium24),
1320 1563 1397 1630 Ger-

116 1692 119 1697 ’
172 1669 291 1734 manici
323 1670 473 1736 carminis
506 1669 617 1736 Aratei
650 1671 815 1756 exemplar
848 1670 994 1736 adhibuit
1031 1670 1163 1736 scholiis
1201 1670 1395 1754 quibusdam

172 1776 367 1856 instructum,
396 1798 530 1860 quorum
553 1777 710 1862 reliquiae
733 1779 767 1843 in
790 1778 902 1844 codice
924 1778 1038 1844 mutilo
1060 1778 1218 1843 Bernensi
1242 1780 1283 1844 88
1308 1798 1394 1846 8888.

170 1883 202 1947 X
225 1891 358 1950 exarato
386 1883 574 1971 exstant25).
622 1887 691 1951 eius
720 1885 898 1972 discipulus
928 1886 1116 1952 Seruatus
1140 1885 1284 1972 Lupus,
1312 1886 1397 1951 intra

170 2010 273 2056 annos
296 1993 473 2059 842-862
502 1993 604 2058 abbas
631 1993 863 2079 Ferrariensis,
892 1993 1045 2059 librorum
1073 1993 1237 2060 studiosus
1264 1993 1396 2059 inuesti-

171 2103 271 2183 gator,
296 2098 461 2165 Ciceronis
483 2098 618 2165 Aratum
641 2101 683 2165 ab
707 2101 810 2165 amico
835 2099 976 2184 quodam
1000 2101 1090 2186 petit,
1114 2107 1151 2166 88
1174 2121 1267 2166 8888
1291 2120 1396 2166 exem·

169 2205 257 2290 plum
281 2205 427 2271 mutilum
450 2226 491 2271 ex
510 2206 579 2272 eius
604 2205 716 2273 codice
739 2207 962 2292 suppleretlss).
1000 2213 1032 2273 et
1056 2207 1170 2273 eadem
1195 2207 1262 2272 fere
1286 2213 1395 2273 aetate

261 2365 296 2433 ²³)
317 2368 356 2421 Ut
374 2367 507 2436 epistulas
525 2368 580 2422 huc
602 2371 765 2437 spectantes,
789 2386 860 2437 8888
888 2386 980 2423 omnes
1003 2368 1084 2424 annis
1108 2369 1249 2422 797-799
1277 2367 1395 2436 scriptae

169 2458 241 2520 sunt,
266 2474 328 2510 curn
351 2456 484 2510 Alcuinus
506 2457 536 2510 in
560 2458 726 2512 monasterio
750 2459 900 2512 Turonensi
924 2459 1096 2525 morabatur,
1119 2457 1161 2512 ita
1186 2459 1236 2512 has
1260 2474 1395 2511 commen·

168 2546 288 2600 tationes
307 2549 368 2601 tum
387 2549 461 2600 ortas
480 2564 537 2600 8888
555 2547 616 2616 1888
634 2547 765 2616 temporis
789 2546 947 2601 condicione
967 2547 1128 2616 explicatur,
1155 2549 1274 2616 ‘propter
1293 2547 1396 2600 saltum

169 2653 256 2704 nuper
275 2633 320 2702 (m.
339 2653 402 2689 nou.
422 2653 446 2689 a.
467 2636 527 2701 797,
551 2654 577 2691 u.
598 2653 638 2704 ep.
659 2637 704 2702 83)
723 2637 902 2690 transactum'
932 2638 960 2690 et
988 2637 1107 2704 ‘propter
1134 2636 1286 2690 bissextum
1313 2653 1396 2704 prope

170 2725 215 2787 (m.
235 2724 301 2778 febr.
322 2743 345 2779 a.
366 2725 428 2789 800)
446 2725 646 2778 imminentem'
669 2725 788 2787 (Alcuin.
809 2742 850 2793 ep.
871 2726 922 2778 111
942 2743 968 2794 p.
988 2724 1062 2789 452).

260 2812 295 2881 ¹⁴)
315 2814 347 2868 cf.
362 2815 446 2868 Ebert
465 2814 482 2868 l.
503 2832 524 2868 c.
544 2832 569 2882 p.
589 2815 637 2869 127
657 2831 696 2882 sq.
714 2843 745 2852 -
761 2815 885 2869 Hrabani
899 2814 991 2869 Mauri
1010 2832 1094 2882 opera
1113 2815 1154 2869 ed.
1169 2814 1263 2884 Migne
1277 2811 1392 2880 (Patrol.

169 2921 237 2958 curs.
257 2904 354 2973 compl.
375 2920 424 2957 ser.
443 2904 470 2957 Π
489 2906 523 2957 tt.
544 2903 696 2972 107-112)
714 2906 735 2958 t.
754 2905 768 2958 Ι
787 2904 837 2958 col.
857 2905 919 2958 669.

260 2991 295 3058 ’5)
315 2993 405 3048 Germ.
429 2992 470 3048 cd.
490 2993 606 3062 Breysig
628 2993 713 3062 praef.
733 3013 759 3063 p.
778 2994 864 3048 XVII.
901 2994 975 3048 idem
1003 2994 1073 3048 haec
1099 2992 1203 3048 scholia
1231 2993 1266 3047 ad
1293 2993 1396 3047 calcem

169 3083 234 3137 libri
252 3083 295 3136 sui
313 3084 349 3152 (p.
365 3081 516 3150 aaa-238)
535 3082 623 3136 edidit
642 3085 670 3136 et
688 3083 812 3138 Hrabani
832 3088 864 3149 (c.
879 3084 912 3137 51
934 3083 1036 3138 ‘dehis
1056 3083 1142 3154 signis
1161 3083 1305 3137 stellarum
1324 3099 1396 3150 quae

169 3175 248 3226 extra
265 3172 405 3226 zodiacum
420 3172 504 3240 sunt')
521 3173 593 3226 locos
613 3173 759 3227 nonnullos
777 3173 835 3227 iam
850 3173 1003 3242 adscripsit.
1037 3173 1084 3227 sed
1098 3190 1184 3242 paene
1203 3171 1304 3237 omnia,
1323 3190 1396 3240 quae

169 3261 203 3316 de
226 3261 486 3330 septentrionalibus
510 3264 538 3315 et
561 3262 729 3316 australibus
753 3263 839 3332 signis
857 3263 1005 3317 Hrabanus
1029 3262 1105 3326 dicit,
1129 3280 1192 3316 cum
1215 3261 1314 3315 nostris
1332 3262 1395 3316 Ber·

169 3345 298 3404 nensibus
321 3351 478 3406 concinunt.
520 3355 548 3405 et
571 3369 605 3406 ex
629 3353 731 3406 Arateo
754 3352 878 3421 exemplo
901 3353 970 3406 haec
992 3369 1020 3405 se
1043 3351 1223 3420 desumpsisse
1246 3351 1304 3420 ipse
1328 3351 1396 3407 dicit

170 3440 222 3502 (‘ut
244 3439 344 3495 Arati
366 3441 597 3509 phaenomena
624 3441 791 3508 testantur').
829 3458 917 3510 neque
935 3441 986 3495 illa
1004 3441 1101 3506 solum,
1126 3458 1197 3509 quae
1219 3443 1314 3494 nostra
1332 3440 1395 3494 Ber-

169 3529 266 3584 nensia
283 3530 395 3594 habent,
419 3530 466 3584 sed
489 3531 576 3584 etiam
594 3547 635 3596 88,
659 3547 730 3599 quae
749 3531 784 3584 ab
803 3530 842 3584 eis
863 3531 964 3585 absunt
988 3530 1113 3594 (18888888
1131 3532 1245 3599 excepto
1264 3547 1318 3583 uno
1337 3531 1395 3584 loco

170 3635 251 3686 quem
265 3619 434 3674 Basileensia
452 3619 564 3683 habent,
584 3638 610 3673 u.
626 3621 717 3688 Breys.
733 3620 769 3673 ad
782 3638 809 3689 8.
826 3619 909 3687 618),
929 3636 963 3673 cx
981 3619 1077 3674 eodem
1096 3620 1220 3688 exemplo
1233 3619 1396 3673 Hrabanum

170 3707 333 3777 excerpsisse
356 3726 452 3777 perse
471 3711 512 3763 est
535 3709 594 3763 ueri
618 3708 708 3762 simile
727 3711 755 3763 et
773 3708 938 3762 scholiorum
957 3708 1175 3763 Strozzianorum
1198 3709 1315 3763 adsensu
1334 3726 1395 3762 888-

169 3798 309 3867 probatur,
337 3816 409 3866 quae
437 3801 470 3853 ut
497 3816 530 3853 ex
557 3798 760 3853 Basileensibus
787 3801 816 3853 ct
843 3797 1125 3868 sangermanensibus
1152 3797 1191 3853 sic
1219 3801 1248 3853 et
1274 3797 1335 3868 ipsa
1362 3815 1396 3853 ex

169 3887 339 3941 uberioribus
357 3887 414 3941 illis
433 3888 615 3942 Bernensibus
634 3888 664 3941 ni
682 3888 765 3942 fallor
784 3889 903 3943 conflata
921 3891 994 3942 sunt.

261 3974 298 4041 ²⁶)
318 3978 351 4031 cf.
371 3976 428 4030 eius
447 3977 583 4045 epistulae
602 3977 635 4030 69
655 3977 745 4031 locum
764 3977 839 4046 apud
853 3978 884 4032 0.
900 3978 1004 4031 Becher
1018 3976 1146 4046 catalogi
1166 3976 1396 4032 bibliothecarum
1510 3960 1512 3964 ¹

170 4065 280 4133 antiqui
303 4064 425 4130 (Bonnae
444 4066 526 4132 1885)
550 4066 631 4131 2810
657 4067 697 4120 ‘tu
726 4069 820 4121 autem
847 4067 912 4121 huic
939 4069 1032 4120 nostro
1060 4065 1162 4120 cursori
1186 4066 1336 4120 Tullium
1361 4066 1394 4120 in

170 4156 275 4210 Arato
298 4155 384 4220 trade,
407 4157 440 4208 ut
458 4171 492 4208 ex
509 4143 552 4219 88,
573 4172 656 4222 quem
674 4172 719 4209 me
737 4156 951 4225 impetraturum
969 4173 1026 4210 esse
1045 4155 1132 4221 credo,
1152 4172 1224 4223 quae
1242 4154 1333 4209 deesse
1351 4155 1395 4209 illi

153 4245 234 4314 ,Egil
253 4249 345 4298 noster
363 4244 472 4313 aperuit
490 4244 688 4312 suppleantur’.
700 4273 732 4282 —
743 4263 863 4314 sperasse
882 4246 970 4315 igitur
987 4245 1099 4300 uidetur
1116 4245 1258 4314 integrum
1272 4243 1395 4298 Tulliani

170 4334 299 4389 carminis
322 4334 462 4403 exemplar
480 4350 508 4387 se
530 4333 679 4402 impetrare
702 4352 787 4403 posse,
812 4335 951 4404 cumipse
974 4336 1088 4389 haberet
1111 4334 1231 4388 codicem
1254 4333 1394 4400 mutilum,

171 4424 220 4492 qui
233 4425 323 4494 prima
336 4426 416 4492 parte
430 4422 566 4488 carminis,
586 4425 619 4476 ut
632 4423 721 4478 nostri
735 4424 849 4490 codices,
868 4426 988 4479 carebat.
1016 4424 1062 4479 hic
1075 4426 1170 4478 autem
1184 4423 1275 4490 codex,
1290 4426 1393 4490 utrum,

170 4517 202 4568 ut
220 4516 312 4568 noster
330 4516 363 4578 A,
387 4512 557 4582 imaginibus
576 4516 605 4568 et
623 4513 733 4567 scholiis
751 4514 892 4582 splendide
915 4515 1067 4570 instructus
1090 4513 1182 4579 fuerit,
1207 4532 1243 4568 an
1261 4513 1348 4568 codici
1366 4517 1393 4569 D

170 4603 275 4670 similis,
294 4602 324 4656 in
341 4601 432 4657 medio
449 4603 500 4657 cst.
