3254 5040
783 256 826 323 52

196 449 238 518 cf.
253 455 344 538 47‚1;
368 455 489 537 scripsit
511 472 569 537 pro
593 474 709 517 cocscr.
731 453 842 535 56353
865 475 987 517 uersam
1010 470 1068 536 pro
1092 473 1178 516 coca.
1195 452 1283 534 59‚o;
1306 453 1426 514 inesset

194 579 252 644 pro
276 568 354 624 esset
376 562 464 644 61,4;
488 562 668 643 suscepisset
689 579 747 644 pro
771 562 1259 644 cec.72,18;proieceruatpro
1283 559 1341 621 dei.
1367 556 1425 634 (cf.

194 687 225 752 p.
249 669 356 751 36,15)
385 667 499 749 35‚19;
527 686 558 751 p.
588 668 664 743 35‚b
691 668 874 731 reddidisset
900 686 958 751 pro
980 665 1163 750 fecis-seim),
1191 685 1222 750 p.
1249 666 1321 749 65‚9
1350 685 1424 728 corr

195 775 337 838 tecdisset
364 792 421 857 pro
450 776 644 855 constitisset3
672 792 748 858 pag.
775 774 848 857 653
872 776 959 838 uiuat
980 792 1038 857 pro
1062 774 1193 854 oddact‚·
1220 790 1296 855 pag.
1323 772 1423 854 tatu

193 884 334 963 sapittom
357 882 488 962 diripere
512 885 619 964 (pros.
636 877 777 965 critices),
801 900 897 963 quam
915 899 1029 945 uocem
1051 898 1108 963 per
1132 879 1238 962 ipsum
1251 876 1425 942 librarium

195 1008 236 1052 ex
250 987 318 1053 eius
342 986 460 1052 aetatis
484 1006 631 1051 sermone
655 987 749 1070 quasi
773 993 887 1070 sponte
906 987 937 1050 in
955 992 1139 1051 contextum
1162 984 1347 1069 inrepsisse,
1364 984 1425 1066 qui

195 1094 264 1158 eius
294 1113 356 1177 quo
380 1096 410 1157 R
437 1092 504 1158 fere
533 1099 684 1158 exaratus
714 1100 763 1158 est
791 1093 943 1178 temporis
972 1092 1163 1158 documenta
1188 1112 1214 1157 e.
1238 1112 1260 1175 g
1291 1089 1425 1156 Alcuini

193 1200 247 1266 uel
274 1200 420 1265 Hrabani
451 1200 577 1266 litteras
610 1200 789 1285 inspexerit
820 1199 952 1265 uidebit.
999 1207 1139 1266 ceterum
1167 1220 1196 1264 u.
1219 1197 1368 1262 Wolfflin
1398 1197 1423 1262 l.

194 1306 282 1387 (adn.
308 1308 360 1385 15)
384 1307 406 1374 1.
430 1329 461 1392 p.
488 1309 559 1373 109.
584 1343 627 1352 -
651 1306 790 1390 denique
814 1305 856 1370 25
880 1309 900 1372 3
925 1305 1010 1389 quod
1035 1306 1095 1371 soli
1118 1308 1189 1370 DM
1209 1310 1426 1371 seruauerunt

193 1418 227 1478 ic
250 1418 289 1479 iis
313 1423 342 1479 et
364 1414 558 1479 scholiorum
580 1413 720 1480 lectione
743 1417 776 1477 ic
798 1416 845 1478 tis
868 1422 897 1478 et
918 1412 1071 1497 firmatur,
1095 1412 1172 1478 911
1197 1412 1230 1477 in
1253 1415 1283 1476 R
1307 1410 1359 1489 (ci.
1375 1413 1423 1489 F)

194 1520 287 1587 deest
305 1520 471 1604 autem¹⁷)3
495 1521 572 1586 ors
598 1527 653 1599 (est
670 1525 774 1605 positu
792 1551 827 1574 =
848 1521 888 1600 G)
905 1526 937 1585 et
952 1518 992 1583 15
1009 1523 1028 1585 6
1045 1526 1157 1598 (secum
1171 1522 1284 1584 doceas
1303 1547 1337 1572 =
1355 1519 1395 1580 M
1397 1520 1424 1594 ²)

193 1629 364 1694 uerborum
393 1628 613 1693 conlocatione
636 1631 666 1691 R
689 1648 709 1691 a
733 1627 848 1692 ceteris
878 1625 1043 1692 codicibus
1068 1632 1099 1691 et
1122 1626 1254 1691 scholiis
1283 1622 1423 1692 recedit.

283 1752 419 1818 Codices
443 1754 514 1816 ΒΜ
539 1751 684 1816 cumbis
707 1750 788 1816 locis
812 1757 867 1815 aut
890 1751 1003 1815 merito
1032 1757 1088 1815 aut
1111 1750 1227 1815 iniuria
1256 1755 1368 1814 contra
1391 1751 1426 1813 R

196 1861 407 1937 consentiant,
437 1878 501 1923 non
524 1879 596 1923 raro
621 1857 683 1942 ipsi
707 1858 790 1923 inter
814 1878 849 1923 so
874 1857 1069 1942 discrepant,
1092 1858 1139 1922 ita
1162 1864 1197 1921 ut
1220 1859 1286 1920 MR
1308 1862 1426 1920 eontra

194 1970 234 2051 D,
258 1967 311 2032 uel
334 1969 396 2030 DR
418 1973 529 2030 eontra
552 1967 590 2029 M
610 1964 741 2050 faciant,
766 1964 913 2030 codicum
931 1967 965 2029 X
970 1967 998 2028 Y
1018 1964 1176 2030 communi
1199 1963 1362 2048 momoria,
1386 1970 1427 2027 ut

196 2094 235 2139 ex
260 2072 391 2138 scholiis
415 2072 622 2155 intellegitur,
648 2078 704 2136 aut
727 2079 857 2136 seruata
881 2079 937 2137 aut
961 2078 1121 2157 corrupta.

286 2199 338 2264 Sic
360 2200 392 2261 D
415 2196 590 2261 aberrauit:
618 2195 632 2259 1
662 2199 701 2263 16
720 2200 857 2280 pistricis
880 2205 970 2281 eaput
993 2217 1050 2281 pro
1074 2219 1140 2281 cup.
1159 2199 1307 2281 pistricis,
1335 2193 1376 2257 16
1401 2201 1424 2260 2

198 2311 243 2384 (at
266 2324 334 2388 om,
358 2309 522 2389 operetur),
548 2301 637 2386 [194
660 2306 739 2366 huuc
761 2323 818 2387 pro
843 2300 934 2390 euru]
960 2301 1038 2370 218
1062 2307 1164 2368 orieris
1186 2323 1244 2388 pro
1269 2305 1422 2367 exoriens.

198 2410 241 2474 10
275 2415 314 2476 ll
348 2410 433 2494 quod
466 2413 482 2493 β
518 2410 617 2475 habet
642 2431 762 2494 poucue
794 2418 823 2474 et
854 2430 926 2474 cum
957 2429 1020 2474 non
1052 2411 1115 2476 nisi
1148 2409 1311 2475 codicibus
1343 2409 1424 2473 FD²

197 2523 342 2603 (poccaet
364 2539 404 2582 m.
432 2520 462 2597 l)
485 2516 539 2580 M2
562 2517 603 2582 sit
627 2522 798 2601 seruatum,
821 2516 958 2600 pristina
981 2517 1076 2582 lectio
1095 2539 1216 2602 paucae
1239 2520 1355 2601 (pauco
1379 2517 1421 2594 Α)

196 2624 396 2691 restituenda
419 2631 477 2689 est.
523 2623 611 2690 625
636 2623 720 2706 quod
749 2631 932 2708 corruptum
955 2624 988 2688 in
1011 2627 1042 2688 D
1065 2630 1170 2690 exstat
1197 2626 1310 2688 colente
1334 2621 1422 2687 idem

197 2732 231 2796 ni
253 2731 349 2796 fallor
362 2731 475 2816 resipit
497 2731 610 2795 uitium
629 2730 716 2813 quod
735 2733 790 2797 VP
809 2730 953 2795 indicant
976 2734 1119 2796 collocato
1133 2731 1192 2810 (sic
1207 2733 1247 2813 β).
1280 2729 1422 2813 genuina

198 2839 281 2903 enim
297 2838 391 2903 lectio
416 2841 549 2903 eooiectu
572 2836 622 2915 (ci.
640 2836 679 2900 17
698 2839 751 2917 11)
777 2857 848 2901 cum
872 2839 905 2902 in
928 2841 1059 2903 coelecta
1073 2838 1127 2903 uel
1142 2841 1263 2902 collecto
1277 2836 1421 2923 abiisset,

161 2929 163 2933 ’
196 2946 258 3011 hoc
280 2952 315 3010 ut
339 2946 481 3029 ineptum
504 2944 537 3008 in
560 2946 704 3009 collocato
728 2946 773 3024 (et
791 2947 968 3008 testudioeru
983 2945 1016 3008 in
1032 2944 1220 3021 ablatiuum)
1245 2950 1422 3008 correctum

199 3059 258 3119 ost.
307 3052 444 3135 denique
469 3050 689 3115 coniunctiuus
713 3052 882 3135 diciserict,
906 3071 1000 3133 quem
1024 3051 1085 3116 soli
1107 3053 1172 3115 MR
1195 3071 1266 3115 cum
1289 3050 1421 3116 scholiis

198 3159 218 3222 2
244 3163 263 3225 8
293 3164 515 3242 seruauerunt,
548 3157 666 3242 optime
700 3156 838 3240 quadrat
870 3158 902 3221 in
925 3158 1047 3241 Hygini
1078 3179 1171 3223 usum
1204 3162 1246 3239 (u.
1279 3163 1343 3223 not.
1376 3156 1421 3222 ad

200 3266 240 3329 l‘i
264 3269 307 3350 9),
331 3273 363 3330 et
385 3264 501 3330 iisdem
523 3271 610 3329 recte
633 3262 785 3329 traditum
809 3271 858 3330 est
879 3266 922 3328 ibi
943 3284 1001 3348 pro
1023 3266 1076 3328 abi
1100 3264 1140 3327 15
1165 3267 1193 3331 6.

286 3390 403 3455 Rarius
436 3388 560 3453 scholia
592 3387 696 3453 codici
727 3391 759 3453 D
792 3395 902 3454 contra
932 3391 997 3452 lllR
1028 3389 1172 3455 subsidio
1206 3396 1286 3455 sunt.
1335 3388 1421 3456 103

199 3497 359 3580 genuinae
383 3494 576 3560 scholiorum
600 3495 745 3563 lectionis
769 3498 889 3579 quiuis
906 3514 1090 3579 procursu
1112 3497 1230 3562 nostris
1255 3495 1420 3562 codicibus

198 3624 280 3669 unus
307 3606 339 3667 D
371 3600 503 3685 aliquod
535 3589 669 3686 praebet
700 3603 873 3686 uestigium
903 3600 946 3688 (u.
974 3602 1018 3667 ad
1040 3602 1085 3684 1.).
1132 3601 1173 3665 25
1205 3607 1243 3668 11
1276 3606 1423 3668 dicerunt

197 3730 256 3796 pro
279 3713 470 3794 scripserant
491 3709 524 3773 in
537 3711 576 3772 M
579 3710 653 3773 ¹RF
672 3729 778 3775 errore
802 3708 965 3774 oculorum
981 3729 1021 3774 ex
1035 3712 1165 3777 uersuti
1189 3711 1330 3795 inrepsit.
1364 3708 1419 3775 87

199 3826 300 3883 autera
322 3815 409 3899 quod
433 3813 537 3880 codex
562 3815 706 3882 Chabet
729 3817 822 3881 abest
845 3837 865 3881 a
889 3816 967 3882 solis
990 3819 1064 3884 MR.

290 3941 408 4006 Contra
431 3937 576 4004 codicem
598 3942 638 4003 M
657 3939 780 4005 scholia
804 3960 875 4005 cum
896 3944 958 4006 DR
979 3949 1066 4007 recte
1090 3942 1307 4007 consentiunt:
1335 3941 1352 4004 1
1377 3945 1421 4009 20

292 4170 327 4239 16)
351 4173 473 4224 Reddere
501 4169 544 4237 (cf.
563 4189 608 4240 pp.
629 4172 715 4236 solo.
741 4172 809 4236 552.
834 4174 901 4239 573.
926 4174 1012 4237 6021.
1038 4174 1124 4239 6730.
1145 4173 1215 4238 rae)
1243 4173 1336 4227 cadem
1365 4192 1421 4242 qua

198 4267 289 4332 fucere
307 4260 418 4314 notione
436 4277 572 4327 nusquam
591 4277 634 4328 ap.
654 4261 725 4329 Hyg.
746 4261 871 4315 occurrit.
905 4265 1001 4316 contra
1017 4265 1108 4330 fucere
1126 4266 1158 4315 ut
1177 4263 1245 4315 alias
1264 4262 1421 4331 saepissime

200 4355 235 4407 ab
250 4370 281 4406 eo
295 4354 452 4420 usurpatur,
472 4350 510 4403 sic
528 4367 591 4403 cnm
610 4349 713 4418 duplici
732 4354 764 4402 ut
783 4350 879 4403 dicunt
898 4352 1054 4405 accusatum
1074 4352 1116 4417 (cf
1135 4369 1179 4419 pp.
1191 4352 1233 4415 70,
1253 4352 1321 4403 5.10.
1341 4353 1419 4415 usur.

292 4455 326 4524 ¹⁷)
345 4457 422 4510 Idem
440 4457 512 4510 solus
530 4456 615 4510 habet
628 4458 654 4508 R
668 4453 700 4509 21
717 4456 733 4508 8
752 4456 782 4508 in
801 4456 896 4510 euclem
915 4458 970 4511 thre
989 4459 1132 4512 uerborum
1152 4460 1297 4520 structura,
1317 4458 1346 4511 in
1365 4477 1421 4527 qua

200 4555 289 4604 autem
307 4545 336 4597 in
355 4544 407 4599 hoc
424 4545 508 4600 tortio
526 4544 595 4598 libro
613 4561 674 4599 raro
692 4544 822 4598 omissum
840 4548 890 4599 est.
