3254 5040
760 311 852 374 XLII
887 349 897 365 .

702 402 914 411 m

196 509 364 592 uocabula,
392 509 453 574 nisi
477 508 509 572 in
533 507 677 591 linguam
705 508 839 572 latinam
871 513 945 573 sunt
975 527 1140 592 conuersa,
1168 513 1224 572 aut
1246 513 1282 572 ut
1305 527 1426 590 graeca

196 616 440 681 adferuntur-
466 635 530 680 non
558 635 631 680 raro
661 614 791 680 adiecta
822 613 1090 699 interpretatione
1117 613 1220 678 latina
1246 650 1295 693 -,
1326 620 1382 677 aut
1405 634 1425 677 a

196 723 351 808 scriptore
374 723 445 788 loco
470 721 608 788 nominis
632 721 726 787 latini
756 721 938 788 deficientis
963 719 1016 786 uel
1039 719 1180 785 nondum
1208 719 1322 786 usitati
1345 720 1425 785 reci-

194 830 333 916 piuntur.
386 830 433 896 sie
469 849 601 915 prorsus
639 836 672 894 ut
709 828 812 893 latina
850 833 987 914 usurpat
1023 827 1173 912 Hyginus
1210 827 1311 893 uerba
1343 847 1424 892 suae

195 937 314 1003 aetatis
338 936 571 1003 consuetudine
595 935 660 1000 iam
682 935 840 1017 firmata¹)
869 944 954 1000 astra
985 934 1129 1020 (saepius
1156 941 1265 999 tamen
1294 933 1426 1018 scripsit

194 1048 322 1129 sidera),
354 1046 500 1127 astrologi
528 1043 605 1124 (iam
633 1041 721 1128 apud
748 1041 897 1120 Ennium3
929 1041 1005 1107 uide
1028 1040 1137 1107 Weise
1169 1040 1189 1106 l.
1218 1061 1244 1108 o.
1274 1061 1304 1125 p.
1334 1038 1424 1127 246),

194 1156 324 1238 sphaera
349 1158 379 1218 et
401 1153 665 1236 hemisphaerium,
691 1152 783 1235 palas
807 1149 947 1230 horeas²)
978 1155 1009 1214 et
1031 1152 1141 1214 hotias.
1188 1147 1239 1214 his
1263 1147 1425 1213 accedunt

196 1259 361 1343 signorum
383 1258 521 1343 nomina,
550 1278 684 1342 quorsum
707 1257 864 1344 pleraque
887 1294 930 1304 -
958 1257 1103 1341 exeeptis
1128 1255 1194 1323 soil.
1218 1256 1357 1341 propriis
1382 1293 1424 1302 —-

195 1367 228 1431 in
251 1366 395 1450 linguam
417 1366 552 1431 latinam
567 1372 622 1431 aut
640 1371 712 1432 sunt
736 1385 893 1431 conuersa
921 1371 977 1430 aut
999 1370 1140 1448 recepta,
1164 1370 1199 1429 ut
1212 1366 1326 1445 Draca
1351 1366 1423 1444 Leo,

198 1474 319 1558 Cyprias
345 1474 489 1559 (saepius
504 1474 653 1559 Hyginus
679 1472 808 1558 scripsit
825 1472 922 1556 Olor),
945 1471 1096 1557 lipara),
1121 1473 1219 1555 [prm
1242 1477 1274 1536 et
1290 1470 1434 1560 ancipiti

195 1580 299 1648 forma
327 1584 371 1658 (u.
400 1581 442 1646 ad
470 1579 546 1659 49)
579 1582 918 1665 Delphin-Delphicas,
958 1578 1265 1663 Scarpias-Scorpio,
1301 1578 1423 1642 Crater-

199 1689 327 1754 Oratera
355 1689 460 1766 (Getas
485 1688 540 1753 lib.
565 1688 596 1752 ll
615 1718 649 1742 =
668 1690 787 1752 Pistris
809 1685 841 1751 ll.
865 1687 913 1749 Ill
938 1692 969 1751 et
992 1686 1059 1766 IV).
1105 1684 1223 1751 deinde
1251 1684 1322 1750 loco
1350 1684 1423 1749 lati·

195 1815 308 1860 norum
340 1801 535 1880 usurpantur
566 1795 687 1875 Arctos,
723 1794 898 1878 Cynosura,
932 1794 1036 1858 Helice
1069 1791 1141 1875 (sed
1174 1791 1305 1876 saepius
1344 1794 1424 1856 Ursa

195 1907 304 1984 minor,
320 1907 441 1987 errator),
456 1903 619 1983 Arcterras,
636 1904 758 1982 Bootes,
778 1901 870 1965 Ohela
885 1906 917 1965 ot
930 1901 1047 1982 Chelae,
1063 1895 1214 1980 Deltoton,
1232 1901 1422 1981 Engonasin,

196 2010 265 2094 [pro
289 2012 443 2075 Henioche
463 2008 592 2093 Hygino
615 2008 722 2091 magis
747 2006 872 2093 placuit
895 2008 1037 2091 Aurigal,
1065 2007 1236 2092 Ophiuchus
1260 2005 1360 2089 (quod
1384 2027 1424 2070 ex

270 2257 290 2325 ¹)
305 2259 417 2312 Praeter
426 2275 467 2325 ea,
481 2275 552 2327 quae
562 2259 598 2313 ad
607 2258 805 2313 astronomiam
814 2258 966 2327 pertinent,
981 2258 1050 2311 haee
1062 2256 1136 2326 apud
1145 2257 1218 2326 Hyg.
1228 2255 1423 2310 inueniuntur:

197 2353 317 2417 adamas,
342 2352 459 2416 celeres,
483 2351 630 2416 athleticae,
649 2350 766 2416 Baccha,
791 2350 872 2414 basis,
892 2349 1054 2414 bracchium,
1078 2350 1217 2413 cohercens,
1237 2348 1423 2415 cataclysmus,

199 2440 357 2506 Centaurus,
385 2441 527 2505 comoedia,
551 2440 657 2505 coiicha,
682 2441 784 2505 etesiae,
805 2441 891 2506 gigas,
916 2438 1096 2505 praeematica
1119 2453 1175 2504 ars,
1199 2437 1322 2501 historia,
1346 2437 1423 2500 horo,

196 2531 373 2598 horologium,
393 2530 457 2595 ibis,
482 2530 588 2596 latomos
607 2529 768 2596 (larnyradem
787 2544 850 2591 aea,
870 2544 896 2579 u.
915 2543 942 2594 p.
961 2524 1123 2591 XXXVHI),
1147 2526 1278 2594 stympha,
1302 2532 1423 2592 petasus,

192 2636 290 2686 poena,
314 2625 403 2687 μυρία,
432 2619 556 2685 Satyrus,
585 2619 735 2686 Satyrione,
762 2620 848 2684 spira,
875 2617 1043 2684 symphonia
1070 2615 1196 2667 Threicia
1220 2617 1283 2667 cais
1305 2613 1349 2677 (de
1371 2613 1425 2666 hac

195 2707 283 2760 forma
302 2725 328 2761 u.
343 2706 465 2761 Saalfeld
479 2707 557 2760 Tene.
576 2705 608 2759 it.
623 2723 643 2760 s.
658 2723 684 2759 u.
703 2708 836 2771 waresca
854 2704 1023 2758 adiectiuum
1040 2705 1175 2756 Thraciae
1193 2703 1277 2756 habes
1291 2720 1318 2771 p.
1332 2702 1424 2766 42‚10;

195 2795 229 2850 cf.
254 2798 355 2865 Argiai
378 2813 423 2864 pp.
446 2795 533 2860 39,10.
557 2794 619 2860 58,a
643 2797 671 2848 et
694 2797 801 2864 Argeas
824 2812 850 2862 p.
875 2792 957 2859 482),
990 2795 1141 2862 tragoedia,
1170 2800 1317 2862 tyrastrates,
1344 2809 1423 2846 zona.

196 2887 264 2939 haec
282 2885 366 2939 uerba
385 2883 478 2938 omnia
500 2884 557 2938 iam
580 2884 682 2938 liberae
706 2884 774 2952 reip.
794 2881 964 2951 temporibus
989 2884 1164 2950 usurpantur,
1188 2884 1261 2935 certe
1283 2898 1338 2934 non
1360 2883 1424 2948 post

197 2974 317 3043 Augusti
337 2977 458 3029 aetatem
476 2973 597 3042 primum
616 2972 807 3038 inueniuntur,
828 2990 891 3026 cum
910 2971 956 3025 hic
969 2970 1075 3040 Hygini
1093 2970 1163 3024 liber
1181 2973 1247 3024 ante
1260 2969 1342 3038 primi
1356 2988 1382 3039 p.
1394 2969 1423 3023 Ο.

196 3064 298 3117 saeculi
316 3064 399 3118 finem
418 3063 556 3118 confectus
575 3079 631 3117 esse
645 3080 701 3116 non
715 3060 809 3130 possit.
843 3078 930 3114 unum
951 3059 1039 3114 aeluri
1058 3076 1156 3114 nomen
1176 3059 1249 3128 apud
1262 3059 1423 3113 quenalem

196 3151 316 3220 primum
335 3152 453 3222 legimus
472 3152 576 3219 (Weise
593 3152 611 3206 l.
632 3170 653 3206 c.
674 3171 700 3220 p.
720 3150 773 3216 98),
798 3149 940 3204 Threiciae
959 3149 1019 3204 auis
1038 3167 1086 3218 pro
1105 3166 1173 3218 grue
1192 3147 1276 3215 (Seru.
1301 3149 1336 3202 ad
1354 3147 1423 3202 Aen.

199 3240 305 3308 10‚265)
332 3259 432 3295 nornen
454 3244 564 3310 practer·
586 3242 660 3294 hunc
686 3240 776 3294 locum
800 3238 921 3293 inueniri
945 3255 1001 3292 non
1027 3238 1146 3291 uidetur.
1187 3255 1259 3306 quae
1281 3240 1424 3306 praeterea

197 3330 269 3398 apud
284 3329 428 3400 Hyginum
445 3330 578 3400 leguntur
591 3346 698 3399 graeca,
718 3332 862 3396 tamquam
881 3327 1026 3397 peregrina
1045 3344 1101 3381 esse
1121 3329 1244 3395 apparet,
1264 3343 1335 3394 quae
1349 3325 1423 3379 infra

196 3437 253 3473 una
271 3438 333 3474 cum
351 3419 394 3486 iis,
417 3437 488 3488 quae
512 3418 672 3474 caelestium
696 3436 787 3473 rerum
811 3417 944 3472 scientiae
966 3419 1031 3470 sunt
1049 3415 1167 3485 propria,
1191 3416 1364 3470 enumerabo.
1389 3443 1421 3452 —

197 3511 319 3562 ceterum
337 3509 504 3563 monendum
523 3511 572 3575 est,
596 3526 658 3562 cum
676 3507 706 3561 in
724 3508 776 3562 hoc
794 3506 866 3561 libro
885 3523 985 3576 graeca
1003 3505 1070 3559 satis
1089 3504 1145 3558 sint
1163 3523 1234 3568 rara,
1253 3522 1423 3573 quamquam

197 3615 239 3652 res
262 3615 276 3652 e
299 3598 404 3667 graecis
431 3598 554 3653 fontibus
582 3600 647 3652 sunt
669 3598 793 3661 haustae,
822 3598 927 3650 scatere
954 3594 1059 3664 graecis
1083 3594 1189 3664 Hygini
1215 3594 1324 3648 fabulas
1351 3612 1423 3662 quae

197 3687 330 3751 feruntur,
350 3688 422 3755 quod
436 3691 465 3742 et
478 3688 570 3757 ipsum
588 3687 627 3741 sic
645 3685 838 3755 explicandum
853 3684 972 3752 uidetur,
992 3685 1024 3737 ut
1038 3683 1120 3738 latini
1139 3683 1203 3737 libri
1221 3701 1320 3752 graeca
1333 3683 1423 3738 uersio

197 3793 289 3828 rursus
303 3775 333 3828 in
346 3776 465 3831 latinam
482 3777 610 3845 linguam
628 3776 765 3831 translata
783 3776 823 3842 (ct
837 3773 914 3829 uarie
928 3773 1041 3827 turbata
1055 3776 1084 3827 et
1097 3773 1230 3837 lacerata)
1250 3772 1422 3827 ‘fabularum'

197 3864 308 3919 nomine
326 3865 362 3918 ad
379 3868 502 3920 nostram
521 3869 643 3921 aetatem
661 3867 772 3919 seruata
790 3865 836 3918 sit.

289 3970 309 4039 ²)
328 3973 407 4026 Hane
424 3973 541 4027 formam
559 3973 661 4042 ubique
679 3974 764 4028 habet
782 3971 918 4041 Hyginus,
938 3969 980 4051 ita
995 3966 1057 4024 ure
1075 3971 1107 4023 12
1126 3969 1250 4024 codicum
1263 3971 1316 4023 AC
1339 3968 1422 4023 lectio

199 4064 291 4115 hortas
308 4061 420 4116 librario
439 4061 476 4116 sit
494 4062 649 4117 tribuenda.

288 4167 311 4231 ⁸)
330 4169 387 4222 Hoc
406 4186 467 4222 curn
481 4169 610 4238 Hyginus
628 4170 730 4237 ubique
744 4169 855 4234 habeat,
875 4185 930 4221 uno
949 4184 1003 4235 quo
1016 4167 1068 4221 hoc
1086 4167 1251 4221 uocabulum
1268 4165 1298 4218 in
1312 4165 1423 4219 scholiis

198 4257 315 4312 occurrit
342 4257 401 4312 loco
420 4254 453 4311 22
477 4259 506 4310 17
526 4261 620 4328 Hydri
642 4258 671 4311 in
694 4261 719 4311 A
746 4257 850 4327 legitur
877 4275 925 4326 pro
948 4259 1072 4328 Hydrae,
1108 4257 1154 4310 sed
1181 4255 1352 4309 retinendum
1382 4258 1423 4310 cst

199 4347 363 4402 femininum
387 4347 568 4415 (quemquam
586 4365 667 4401 masc.
687 4347 797 4401 uidetur
813 4346 897 4400 fuisse
916 4343 1067 4414 usitatius),
1090 4345 1251 4415 praesertim
1270 4344 1424 4398 cumidem

199 4438 235 4491 sit
258 4437 288 4490 in
307 4436 442 4491 Ciceronis
470 4435 590 4490 carmine
610 4435 653 4500 (ε
668 4429 752 4506 Ὕδρη
771 4437 862 4500 Arat.;
890 4438 1003 4504 Hydros
1030 4435 1119 4489 Germ.
1141 4456 1172 4479 =
1187 4428 1279 4503 Ὕὸρος
1305 4434 1422 4488 Pseudo·

198 4525 294 4592 Erat),
318 4524 394 4579 cuius
412 4524 552 4580 interdum
570 4524 706 4578 rationem
728 4524 856 4579 habuisse
875 4524 1018 4593 Hyginum
1042 4541 1096 4578 non
1115 4523 1215 4577 iniuria
1240 4522 1310 4576 milri
1329 4522 1424 4578 uideor

199 4614 330 4672 conicere.
357 4632 384 4670 u.
403 4632 463 4686 cap.
481 4614 528 4672 IV.
