3254 5040
218 455 299 521 Sunt
331 464 439 523 autem
472 457 602 524 eodiees
635 459 682 543 hi,
714 459 756 524 de
790 461 907 542 quibus
940 461 1136 527 eonferenda
1169 470 1243 527 sunt
1276 484 1365 545 quae

128 562 306 627 ltursianus
330 564 609 630 commentationis
634 573 952 650 supramemoratae
976 566 1067 631 initio
1090 568 1228 633 rettulit:

64 678 95 732 B
218 669 412 751 Baginensis
435 673 520 736 1260
543 692 628 737 saee.
648 672 698 737 IX
719 673 785 737 iam
808 694 829 736 a¹
852 668 1027 739 llunekero
1051 674 1095 759 (u.
1118 675 1202 738 infra
1226 675 1300 741 adn
1324 676 1364 761 t)

128 774 252 857 passim
275 774 437 842 laudatus.

61 893 98 946 Μ
218 882 523 965 Montepessulanus
543 886 608 950 334
628 905 713 950 6666.
733 887 773 950 X
820 893 989 970 utrumque
1014 887 1158 952 oodieem
1181 879 1362 954 Bursianus

128 1007 199 1052 eum
221 990 253 1051 l)
276 1009 339 1052 non
362 989 630 1074 interpolatorum
653 992 686 1056 in
710 1013 841 1057 numero
872 992 984 1071 habet3
1013 994 1067 1077 qui
1092 1002 1277 1078 sequuntur,
1302 1017 1363 1060 eos

128 1093 341 1177 interpolatos
366 1095 458 1161 dicit:

64 1213 95 1269 P
219 1201 401 1271 Parisinum
424 1205 511 1269 8663
536 1224 620 1269 saec.
643 1205 700 1269 XI.

63 1321 92 1376 Β
216 1308 460 1374 Bruxellensem
486 1313 592 1376 10018
618 1331 703 1376 saee.
725 1313 798 1375 Xll.

216 1504 350 1568 Praeter
363 1503 556 1569 Bursianurn
581 1507 752 1590 apparatui
770 1527 863 1590 quem
881 1514 998 1572 uocant
1022 1507 1132 1572 oritieo
1150 1509 1361 1594 conparando

127 1619 159 1676 et
183 1610 333 1693 augendo
358 1630 488 1695 operam
514 1611 604 1676 dedit
628 1615 737 1689 unusl)
762 1613 825 1677 Ed.
849 1613 1119 1697 Heydenreioh
1145 1616 1220 1694 (Die
1235 1616 1357 1699 Hygin

127 1716 329 1782 handsehritt
357 1703 421 1781 der
443 1717 637 1800 Freiberger
660 1718 1043 1802 Gymnasialbibliothek.
1090 1720 1246 1803 Freiburg
1273 1726 1357 1787 1818

125 1834 255 1907 progr),
285 1823 339 1906 qui
363 1824 532 1888 Stavereni
561 1823 726 1890 oodieibus
755 1826 910 1908 inspeetis
939 1825 1174 1890 demonstrauit
1202 1828 1250 1892 eis
1275 1848 1358 1911 quas

126 1930 182 1994 ille
205 1930 329 2013 profert
353 1929 544 1995 lectionibus
570 1930 637 1995 fere
661 1932 782 1995 nullam
807 1952 880 1996 esse
905 1933 1128 2015 austeritatem
1154 1934 1359 1999 tribuendam

126 2075 169 2085 -
194 2058 234 2102 ex
258 2035 381 2101 oodieis
404 2036 558 2101 Vossiani
586 2037 681 2121 primi
707 2041 744 2103 71
777 2038 969 2104 lectionibus
997 2040 1038 2103 ab
1067 2038 1225 2123 inpressis
1248 2041 1359 2106 uerbis

127 2142 389 2227 discrepantibus
413 2146 457 2227 (p
475 2146 558 2209 19-
562 2145 604 2208 23
629 2143 714 2208 Bunt
701 2150 746 2219 te)
775 2148 813 2210 18
838 2145 970 2228 protulit
957 2146 1197 2230 tStaverenus,
1221 2168 1359 2230 quarum

125 2250 159 2314 in
188 2249 359 2314 duodeeim
388 2250 573 2316 errauit—
577 2250 726 2333 ,oodioe
756 2254 787 2314 D
818 2250 922 2315 denuo
954 2252 1081 2315 conlato
1063 2273 1207 2335 equam
1235 2262 1357 2318 temere

126 2377 165 2423 eo
197 2358 341 2422 Bunteus
378 2377 456 2423 usus
489 2358 531 2422 sit
563 2358 720 2441 exemplis
753 2359 785 2438 (l
820 2379 845 2422 e
878 2379 909 2442 p.
943 2362 975 2436 2)
1008 2360 1170 2443 probauit,
1146 2359 1249 2425 186
1282 2361 1358 2426 aliis

126 2463 319 2546 quibusdam
344 2462 508 2530 eodieibus
529 2470 625 2529 antea
649 2464 717 2529 fere
741 2463 862 2546 ignotis
885 2464 1037 2529 nonnulla
1053 2467 1193 2548 protulit,
1217 2466 1357 2549 denique

61 2583 94 2637 F
127 2569 249 2645 eodieis
274 2569 437 2635 deterrimi
461 2571 685 2653 Fribergensis
710 2573 756 2652 (F,
772 2590 857 2635 saeo.
872 2570 945 2649 XV)
970 2571 1126 2636 leotiones
1151 2572 1356 2638 aBunteana

127 2677 269 2743 editione
294 2676 517 2761 diserepantes
542 2697 654 2743 omnes
679 2676 853 2759 diligenter
877 2677 1035 2760 uulgauit.

217 2782 297 2848 (loto
321 2783 372 2849 his
397 2783 563 2850 eodioibus
579 2785 607 2850 si
622 2783 790 2848 addideris
816 2783 989 2848 editionem
1003 2784 1182 2869 prinoipem
1195 2786 1357 2850 Uenetarn

68 2901 96 2954 U
128 2892 192 2965 (U)
217 2889 339 2955 eodieis
368 2911 464 2955 manu
494 2892 619 2955 exarati
647 2891 718 2956 loeo
747 2889 940 2973 habendam,
968 2890 1069 2955 habes
1098 2911 1182 2973 quae
1211 2891 1289 2954 mihi
1313 2893 1357 2955 ad

126 3017 240 3060 manus
273 2995 400 3061 fuerunt
432 2997 577 3061 eodieurn
612 2996 772 3071 subsidia,
805 2996 925 3078 exigua
956 2994 1014 3059 illa
1047 2995 1189 3078 quidem,
1223 2998 1250 3060 si
1284 3017 1357 3061 eum

126 3102 236 3167 multis
260 3102 333 3186 illis,
358 3105 411 3185 qui
437 3102 543 3168 adhue
566 3105 599 3168 in
623 3103 828 3169 bibliotheeis
854 3102 963 3182 latent,
988 3101 1172 3167 contuleris,

215 3301 303 3364 Inter
332 3320 387 3365 eos
416 3307 524 3364 autern
553 3299 690 3382 6681666,
726 3299 842 3381 quibus
871 3298 996 3382 priores
1025 3297 1166 3363 editores
1194 3301 1245 3364 usi
1274 3308 1358 3383 suunt.

126 3405 272 3489 inprimis
296 3407 451 3470 memoria
475 3412 549 3471 sunt
573 3406 693 3489 digni2)
723 3411 873 3489 quattuor
897 3403 953 3487 illi,
969 3395 1062 3486 'quos
1086 3404 1128 3469 ab
1153 3405 1231 3468 Iano
1256 3405 1357 3470 Ulitio

127 3512 304 3592 6611161665)
329 3512 493 3578 Thomas
516 3513 699 3577 Muneher
726 3513 776 3577 uir
800 3511 842 3576 de
866 3511 995 3594 Hygino
1020 3512 1140 3593 optime
1164 3512 1298 3577 meritus
1324 3514 1357 3575 in

127 3617 270 3684 editione
306 3618 612 3704 Mythographorum
659 3619 832 3684 latinorum
875 3638 958 3681 anno
999 3620 1081 3684 1681
1120 3617 1355 3682 Arnstelodami

127 3725 248 3790 emissa
272 3725 427 3791 adhibuit.
475 3727 533 3792 sed
558 3748 629 3791 oum
652 3727 814 3792 Ulitianos
839 3726 872 3788 in
896 3725 1090 3807 uniuersum,
1120 3724 1171 3788 uel
1196 3713 1292 3789 unum
1316 3746 1356 3789 ex

218 3918 240 3985 ¹)
259 3921 332 3974 Num
356 3921 507 3976 6116166
534 3923 604 3975 libro
628 3940 652 3976 a.
682 3923 747 3975 1878
772 3920 846 3974 68116
878 3919 1075 3973 ‘Eratosthenis
1104 3920 1358 3973 catasterismorum-

125 4008 268 4076 reliquiae'
294 4027 463 4076 quamquam
482 4011 568 4064 etiam
587 4011 620 4064 de
638 4010 749 4079 Hygino
768 4011 837 4063 bene
856 4008 1038 4072 6611116111116,
1058 4011 1153 4063 tamen
1172 4026 1220 4061 eur
1238 4025 1271 4061 ex
1289 4007 1358 4074 ipsis

126 4096 263 4151 codicibus
282 4116 356 4152 noua
370 4099 493 4153 subsidia
512 4100 547 4153 ad
566 4100 651 4153 uerba
664 4099 836 4153 emendanda
855 4100 999 4165 quaereret
1012 4114 1068 4150 non
1081 4097 1187 4150 habuit.
1218 4096 1250 4148 de
1265 4096 1357 4148 codice

132 4190 157 4240 V
173 4187 207 4241 ab
227 4204 258 4241 eo
276 4187 400 4256 inspecto
419 4206 445 4242 u.
464 4188 538 4242 infra
556 4207 581 4257 p.
602 4192 626 4242 o'.

218 4274 301 4344 2)Ι)6
327 4275 494 4330 codicibus'
486 4296 515 4329 111
540 4277 597 4330 6811
598 4276 706 4331 ionibus
725 4275 870 4330 Soteriana
893 4278 921 4328 et
945 4275 1097 4328 Mareliana
1119 4272 1252 4327 adhibitis
1276 4272 1357 4325 61168

127 4365 219 4420 codiee
237 4366 323 4420 Medii
342 4385 367 4419 u.
388 4365 505 4434 infrap.
528 4366 560 4419 13
579 4383 619 4432 sq.

217 4453 238 4521 ⁸)
272 4455 347 4509 Haeo
379 4454 502 4509 codicum
534 4457 663 4522 excerpta
695 4453 816 4523 margini
847 4453 977 4507 editionis
1009 4451 1134 4505 Parautii
1166 4450 1241 4503 illita
1272 4449 1360 4503 fuisse

125 4544 290 4597 Munekerus
310 4543 403 4613 (praef.
423 4543 470 4598 fol.
489 4543 516 4611 3)
535 4546 663 4598 testatur.
