3254 5040
715 314 925 406 -1-

200 501 370 585 001001101,
394 501 437 565 ad
461 501 606 567 codicem
628 504 664 564 X
684 520 756 566 cum
784 503 812 564 Y
832 502 1073 586 conparandum
1097 502 1291 568 accedamus
1307 505 1345 585 (c.
1361 506 1432 583 ΙΙΙ).

201 607 353 691 denique,
386 607 464 691 quid
492 608 533 672 de
561 607 690 691 Hygino
720 628 791 673 cum
815 608 979 674 Ciceronis
1003 609 1120 674 ‘Arato’
1154 611 1322 675 coniuncto
1350 610 1431 675 iudi·

201 714 346 779 candum
370 715 419 798 sit,
444 721 622 780 statuemus
645 712 687 800 (c.
711 715 779 792 IV).

713 861 925 868 ——.——

561 1059 563 1063 .
721 999 777 1064 Ca
819 1006 863 1065 ut
890 1000 915 1066 l.

481 1121 531 1186 nc
554 1121 688 1205 Hygini
713 1021 872 1188 0011111010
897 1122 1088 1206 archetypo
1113 1126 1160 1189 X.

296 1267 332 1329 ln
357 1266 477 1349 Hygini
506 1266 560 1348 qui
585 1265 688 1331 fertur
713 1265 754 1330 de
778 1266 976 1331 astronomia
1002 1266 1084 1331 libro
1112 1265 1311 1332 recensendo
1336 1267 1433 1332 certis

202 1378 240 1436 et
254 1371 369 1436 solidis
393 1373 473 1436 artis
498 1372 629 1436 criticae
653 1372 870 1437 fundamentis
894 1392 1050 1440 caremus.
1088 1392 1163 1437 nam
1177 1374 1232 1456 qui
1246 1392 1330 1437 anno
1350 1378 1433 1440 1815

204 1478 339 1562 Lipsiae
364 1499 435 1543 eum
459 1477 562 1543 edidit
584 1478 831 1544 Bernhardus
853 1480 988 1563 Bunte,
1012 1499 1072 1544 nec
1091 1479 1294 1545 conferendis
1313 1480 1433 1559 multis,

203 1586 262 1669 -qui
287 1590 471 1669 supersunt,
501 1584 593 1649 libris
621 1585 848 1669 manuscriptis
879 1585 960 1650 satis
985 1606 1103 1669 operae
1132 1585 1234 1669 dedit,
1262 1605 1322 1651 nec
1350 1607 1434 1669 quae

206 1692 290 1755 ratio
318 1691 402 1756 inter
429 1711 564 1776 paucos,
593 1691 708 1774 quibus
736 1692 900 1775 utebatur,
928 1692 1151 1776 intercederet,
1179 1694 1349 1776 quaesiuit.
1396 1714 1435 1758 ac

203 1817 247 1861 ne
264 1796 499 1880 Lugdunenses
523 1797 654 1881 quidem
677 1798 816 1882 codices,
840 1798 956 1882 quibus
971 1799 1173 1882 Augustinus
1196 1821 1260 1864 van
1277 1800 1434 1865 Staveren
1504 1877 1505 1880 Ἴ

105 1922 108 1929 ’
204 1904 435 1986 neglegentius
464 1925 504 1968 ex
527 1925 615 1969 more
642 1904 730 1971 illius
758 1905 877 1970 aetatis
901 1927 979 1971 usus
1009 1912 1087 1989 erat,
1114 1905 1314 1989 inuestigare
1339 1906 1435 1972 etde

204 2011 333 2094 integro
358 2010 451 2076 adire
475 2031 594 2095 operae
621 2012 760 2096 pretium
785 2032 858 2077 esse
883 2009 982 2097 duxit,
1011 2010 1070 2078 sed
1094 2011 1175 2078 duos
1200 2013 1329 2078 codices
1352 2013 1435 2077 inter

204 2137 245 2182 se
269 2117 502 2183 dissimillimos
531 2117 707 2184 contulisse
731 2125 900 2184 contentus
929 2119 1024 2183 modo
1049 2140 1089 2185 en
1112 2119 1173 2184 hoc
1196 2119 1290 2184 modo
1316 2141 1356 2184 cx
1379 2120 1435 2184 illo

208 2223 365 2289 lectiones
380 2224 497 2309 hausit,
520 2225 615 2290 tertio
629 2226 771 2308 pessimo
796 2245 898 2308 eoque
912 2225 1023 2290 mutilo
1046 2226 1171 2309 passim
1184 2246 1271 2309 usus,
1295 2226 1436 2310 itemque

205 2330 401 2396 lectionibus
425 2330 595 2415 nonnullis,
620 2351 701 2414 quas
723 2340 853 2398 ueteres
877 2331 1018 2397 editores
1043 2331 1226 2397 Schefferus
1242 2331 1435 2398 llunckerus

204 2436 406 2503 Staverenus
432 2457 449 2502 e
473 2437 640 2503 codicibus
663 2438 871 2522 protulerant.

297 2543 433 2609 Codices
456 2544 572 2610 Buntei
596 2544 629 2608 hi
653 2551 741 2611 sunt:

298 2651 494 2716 Dresdensis
522 2653 583 2717 183
608 2671 693 2716 saec.
708 2646 796 2738 leX
820 2652 906 2729 (bibl.
921 2672 988 2733 reg.
1005 2651 1074 2716 cod.
1090 2652 1149 2716 Dc.
1170 2654 1260 2734 183),
1283 2674 1314 2719 0.
1329 2654 1434 2717 Βο010
1471 2662 1501 2712 D

206 2756 468 2841 praef.p.ll·13.
480 2757 564 2822 hunc
574 2757 1025 2840 neglegentissimcaBunteo
1037 2758 1216 2823 adhibitum
1226 2759 1297 2842 ipse
1308 2759 1436 2824 contuli.

300 2863 572 2947 Guelferbytanus
596 2863 657 2930 ‘l8.
677 2866 725 2931 16.
742 2864 831 2947 Aug!
857 2863 944 2948 apud
963 2864 1122 2929 Bunteurn
1147 2869 1191 2949 (p.
1210 2867 1263 2944 13)
1288 2865 1435 2948 signatus
1475 2875 1501 2926 G

208 2971 363 3049 (Bursian
385 2969 511 3034 Miincb.
528 2970 604 3035 Sita.
619 2970 692 3037 Ber.
719 2973 739 3038 l.
764 2991 789 3035 c.
812 2992 842 3055 p.
864 2976 883 3036 2
908 2971 982 3038 adn.
1008 2974 1041 3051 3)
1066 2979 1098 3036 01
1122 2972 1245 3036 saeculi
1259 2972 1322 3034 XII
1346 2972 1436 3036 initio

205 3076 403 3160 adscriptus.

300 3183 571 3266 Guelferbytanus
595 3184 647 3250 ‘65
670 3183 729 3249 Ms.
755 3185 844 3267 Aug!
871 3205 955 3250 saec.
970 3184 1044 3266 XV,
1069 3184 1102 3248 in
1125 3183 1186 3249 boc
1211 3184 1345 3248 dimidia
1369 3184 1436 3250 fere
1472 3196 1505 3247 Ν

207 3291 331 3374 Hygini
353 3310 430 3373 pars
455 3304 495 3373 (p.
520 3289 813 3375 67‚13-110,17)
839 3290 944 3366 deest3
991 3312 1021 3356 u.
1044 3291 1148 3357 Bunte
1171 3313 1201 3375 p.
1229 3298 1276 3356 11.

174 3426 177 3431 <
300 3395 513 3461 Conradum
546 3396 711 3462 Bursian
748 3384 1053 3482 defunctum'esse,
1090 3399 1277 3482 priusquam
1314 3398 1438 3484 mytho-

206 3503 407 3586 graphorum
439 3504 613 3568 latinorum
646 3504 830 3586 editionem,
864 3525 960 3588 quarn
991 3504 1184 3588 iampridem
1216 3507 1355 3589 parabat
1384 3506 1437 3584 (cf.

209 3609 318 3674 annal.
341 3610 450 3694 philol.
475 3631 504 3674 a.
532 3613 616 3677 1866
639 3631 670 3693 p.
688 3613 765 3689 184)
786 3611 965 3696 conficeret,
990 3632 1028 3677 eo
1052 3612 1157 3695 magis
1182 3611 1356 3677 dolendum
1379 3623 1438 3695 est,

209 3715 297 3798 quod
331 3723 482 3798 quattuor
513 3717 641 3782 illorum
680 3738 761 3800 quos
794 3718 928 3783 eontulit
966 3717 1112 3783 codicum
1148 3718 1318 3803 lectiones,
1356 3739 1438 3803 quas

121 3891 122 3895 Ἰ
208 3820 342 3905 quidem
365 3823 486 3906 publici
509 3823 588 3888 iuris
613 3823 689 3888 fecit
713 3823 851 3902 (Mdnch.
867 3824 944 3889 Sitz.
958 3826 1029 3889 Ber.
1059 3814 1140 3890 1816
1164 3846 1195 3909 p.
1213 3827 1341 3909 1-56),
1367 3847 1438 3891 cum

206 3928 254 3992 ad
288 3928 508 3994 emendandos
545 3929 692 4012 singulos
724 3930 814 3996 locos
847 3938 879 3995 et
909 3952 1096 4014 peruersam
1128 3931 1243 3997 Buntei
1281 3933 1439 3998 rationem

211 4034 416 4099 refutandam
451 4036 655 4118 potissimum
688 4037 752 4101 sint
784 4037 946 4121 prolatae,
984 4038 1027 4101 ad
1061 4038 1260 4121 singulorum
1292 4038 1439 4104 codicum

209 4141 434 4207 condicionem
448 4148 480 4206 et
494 4142 720 4208 auctoritatem
743 4141 980 4208 inlustrandam
993 4145 1099 4210 minus
1116 4144 1291 4210 conferunt.
1328 4146 1439 4228 itaque

208 4270 309 4333 quarn
342 4249 502 4314 maximas
539 4268 602 4331 ago
636 4249 759 4331 gratias
797 4249 875 4315 uiris
913 4249 1149 4316 inlustrissimis
1186 4252 1298 4334 regiae
1329 4253 1438 4316 Mona-

209 4356 356 4421 censium
378 4354 602 4439 bibliothecae,
631 4375 714 4439 quae
738 4356 860 4440 scripta
884 4377 905 4420 a
927 4357 1086 4422 Bursiano
1115 4357 1229 4422 relicta
1257 4356 1438 4423 hereditate

208 4463 347 4546 accepit,
374 4460 563 4546 praefectis,
598 4463 652 4545 qui
680 4463 819 4545 benigne
847 4462 924 4526 mihi
953 4472 1193 4547 concesserunt,
1225 4472 1261 4527 01
1286 4463 1440 4529 Bursiani

209 4568 351 4633 schedas
374 4588 432 4651 per
456 4567 581 4651 aliquot
603 4589 731 4635 menses
755 4569 788 4633 in
811 4589 905 4634 usum
927 4589 1033 4634 rneum
1057 4576 1247 4635 excuterem.

1230 4678 1278 4729 ll*
