3528 5232
854 355 978 420 LXlllI

300 574 416 633 amero,
441 555 531 617 lateri
551 553 681 617 olimina
703 555 810 638 inopi),
835 553 904 620 eius
929 574 993 637 qua
1007 553 1155 638 Hyginus
1179 552 1279 618 utitur
1292 553 1359 618 alia
1379 553 1530 638 exempla

301 659 421 726 frustra
444 658 697 744 circumspexi¹).
740 659 799 726 sed
822 660 855 725 in
879 659 994 727 eodem
1016 660 1178 726 inuenitur
1200 660 1336 746 passiua
1359 667 1529 746 structura,

302 786 386 850 quae
414 767 542 833 actiuae
570 787 634 850 qua
662 766 760 832 utitur
787 767 885 851 plane
913 767 1096 853 respondet.
1146 767 1185 833 cf.
1208 788 1284 852 pag.
1310 770 1382 852 85‚8
1406 769 1528 833 Andro-

300 877 406 939 medae
429 883 520 960 ccpat
540 877 609 959 eqni
622 877 733 957 Peposi
755 883 861 940 uentre
884 878 999 957 (uentri
1013 875 1265 940 comunem.
1282 878 1310 958 β)
1334 878 1530 958 coninapitar

304 1011 340 1035 =
367 980 597 1047 Andromedae
620 987 718 1067 caput
742 984 874 1064 (accus.)
900 1002 1001 1066 equus
1026 989 1139 1048 uentre
1164 989 1233 1060 (suo
1258 980 1331 1059 sibi)
1355 981 1530 1064 coniungit.

301 1090 394 1172 8631
424 1090 573 1153 Heniochi
599 1091 706 1154 denter
728 1111 786 1174 pes
814 1087 862 1174 (p.
886 1091 915 1154 d.
940 1092 1006 1173 Ββ)
1040 1091 1138 1154 Tauri
1165 1092 1291 1154 sinistro
1318 1110 1415 1153 corna
1441 1091 1529 1153 stello

299 1198 493 1278 coniunctim
510 1217 574 1260 nnc
592 1225 627 1250 =
646 1195 805 1261 Heniochi
820 1196 969 1261 dextrum
982 1195 1100 1280 pedem
1116 1197 1243 1262 Taurus
1259 1196 1317 1261 sin.
1333 1215 1431 1261 comu
1455 1197 1528 1277 (suo

301 1301 375 1383 sibi)
410 1301 575 1385 coniungit
606 1323 671 1367 una
700 1302 796 1368 stella
829 1307 874 1386 (et
901 1301 979 1387 pedi
1007 1309 1039 1368 et
1070 1303 1179 1369 cornui
1211 1302 1391 1381 communi).
1441 1301 1529 1367 adde

300 1428 375 1493 pag.
410 1410 503 1493 105‚3
529 1432 639 1474 manno
665 1413 792 1475 sinistro
819 1412 927 1476 Bootis
955 1413 1106 1474 anteriore
1133 1417 1226 1493 porte
1253 1412 1360 1474 circuli
1384 1413 1530 1493 peruenit

300 1519 469 1597 maionem,
493 1513 513 1581 i.
529 1537 556 1584 e.
582 1515 625 1581 ad
648 1516 813 1600 regionem
837 1517 1010 1602 signorum,
1035 1537 1119 1600 quae
1142 1517 1227 1581 inter
1249 1516 1404 1582 arcticum
1427 1517 1528 1581 circu-

300 1622 364 1688 lum
394 1629 427 1689 et
453 1623 563 1708 polum
595 1623 659 1689 sita
692 1629 780 1704 sunt,
809 1627 952 1708 peruenit
983 1645 1096 1690 rannac
1126 1626 1254 1688 sinistro
1281 1626 1402 1705 Bootis,
1434 1645 1528 1706 qaum

299 1732 431 1794 circatas
461 1732 593 1795 arcticus
625 1734 776 1796 anteriore
801 1739 894 1815 porte
925 1733 1079 1814 coninnpit
1105 1729 1159 1794 uel
1186 1733 1318 1813 uttinpit,
1352 1730 1421 1795 scil.
1454 1750 1527 1795 curn

299 1837 426 1921 reliqua
457 1835 552 1902 huius
586 1837 671 1920 signi
703 1857 780 1922 pars
812 1837 897 1902 intra
931 1837 1085 1903 circulum
1118 1837 1270 1903 arcticum
1303 1843 1336 1901 et
1366 1836 1528 1902 aestiuum

299 1943 408 2028 posita
440 1943 491 2027 sit,
528 1964 642 2010 manus
680 1943 812 2010 sinistra
844 1944 930 2010 ultra
966 1944 1120 2010 arcticum
1158 1943 1311 2010 circulum
1343 1943 1386 2009 ad
1417 1943 1528 2028 polum
1593 1959 1597 1964 ’

299 2056 449 2134 porrecta
477 2056 534 2115 est.
581 2049 696 2136 cipp.
721 2053 795 2135 826
819 2057 852 2116 ct
878 2055 980 2138 110‚o.
1026 2050 1068 2116 de
1090 2050 1171 2117 locis
1199 2073 1252 2136 pp.
1279 2053 1373 2136 1042
1397 2057 1429 2116 et
1452 2052 1525 2136 95,1

301 2178 435 2242 quorum
464 2156 639 2241 simplicior
667 2163 717 2223 est
745 2157 936 2245 structura2)
964 2178 995 2223 u.
1020 2156 1130 2224 adnot.
1156 2161 1184 2224 1.
1206 2195 1250 2205 -
1274 2156 1357 2223 falso
1382 2160 1399 2241 β
1421 2157 1528 2242 passi-

299 2285 375 2330 uum
403 2267 595 2346 calamam
622 2263 752 2349 scripsit
778 2265 954 2331 Munckero
983 2263 1031 2351 (et
1058 2265 1161 2331 tribus
1188 2264 1353 2346 Ulitianis)
1383 2263 1527 2348 adstipu-

300 2372 386 2437 latus
415 2390 490 2455 pag.
515 2373 610 2455 sam
642 2372 698 2436 ubi
724 2371 807 2437 hacc
839 2371 985 2438 codicum
1017 2371 1114 2437 lectio
1147 2378 1197 2437 est
1227 2371 1442 2437 restituenda:
1476 2377 1529 2455 qai

299 2486 401 2544 uatem
429 2481 609 2560 Enyonuoin
637 2479 899 2558 <nocutnr>³)
929 2482 1031 2543 deutri
1054 2481 1145 2563 pedis
1173 2482 1253 2543 culce
1279 2482 1432 2561 coninnpit
1456 2478 1526 2543 scil.

302 2587 465 2666 Coronam,
495 2584 582 2667 quod
604 2585 781 2670 praecedit.
830 2587 876 2652 sic
900 2586 1034 2652 codices
1059 2585 1123 2651 mei
1147 2605 1266 2670 omnes,
1289 2586 1323 2651 in
1346 2589 1376 2649 a
1398 2605 1418 2649 a
1441 2606 1480 2650 m.
1508 2590 1526 2651 1

299 2696 445 2775 contimit
481 2691 552 2776 [hoc
584 2693 762 2760 Bursianus
794 2693 955 2778 probauit]
994 2693 1027 2757 in
1064 2696 1218 2775 coninnpit
1255 2699 1305 2758 est
1341 2699 1527 2759 correctum.

393 2961 413 3029 ¹)
432 2961 527 3016 Simile
541 2961 658 3027 uidetur,
674 2961 747 3029 qnod
761 2962 867 3030 Dritger
880 2961 951 3015 Hist.
967 2961 1045 3030 Synt.
1060 2961 1073 3014 Ι
1087 2979 1113 3030 p.
1129 2961 1182 3014 425
1201 2960 1290 3015 adfert
1309 2959 1375 3028 [‘der
1389 2960 1526 3030 uulgarem

299 3051 418 3122 Sprache
437 3069 503 3121 mag
521 3051 648 3105 entlehnt
667 3049 744 3119 sein’]
767 3051 859 3104 Plaut.
878 3069 914 3106 m.
934 3051 971 3120 gl.
990 3052 1023 3105 51
1049 3053 1246 3104 communicabo
1269 3069 1373 3119 semper
1391 3058 1415 3104 te
1433 3069 1527 3104 amaea

299 3160 365 3195 mea.
404 3140 478 3208 quod
500 3139 573 3194 idem
594 3138 699 3209 (paullo
723 3139 806 3206 inira)
830 3140 863 3194 de
886 3139 1028 3209 participii
1056 3144 1215 3194 coniunctas
1237 3158 1288 3194 usu
1312 3139 1379 3194 dicit
1401 3139 1456 3193 huc
1478 3139 1528 3192 uix

299 3229 429 3300 pertinet.
458 3229 505 3288 sed
514 3230 543 3283 ni
553 3230 634 3284 fallor
644 3229 726 3283 huius
735 3247 799 3283 usus
809 3229 959 3298 uestigium
973 3229 1111 3297 reliquum
1121 3229 1201 3284 estin
1211 3228 1406 3299 francogallico
1414 3231 1529 3296 joiadae

299 3339 351 3389 qm,
371 3318 415 3373 cui
434 3321 589 3374 structurae
601 3336 717 3388 vprorsus
735 3318 881 3388 respondet
900 3319 974 3387 quod
986 3337 1012 3388 p.
1028 3319 1107 3385 94,13
1126 3319 1236 3373 uidetur
1254 3318 1455 3372 restituendum
1473 3337 1527 3385 qao

299 3413 355 3463 loco
378 3411 404 3460 io
426 3410 546 3461 circatae
567 3410 756 3464 mesembriam
774 3412 911 3476 contempit
930 3406 1115 3476 (coaiaapitar
1134 3407 1245 3474 codices,
1270 3407 1343 3475 quod
1361 3409 1427 3476 apto
1445 3424 1527 3461 sensu

298 3499 345 3552 hic
364 3497 448 3565 caret)
473 3506 497 3550 et
514 3501 615 3551 transit
638 3500 858 3566 aequinoctialem
877 3500 1009 3551 circatam
1029 3496 1073 3564 [cf.
1093 3497 1167 3565 quod
1184 3496 1309 3565 seqnitur
1331 3500 1361 3550 ia
1383 3499 1445 3564 ipsa
1464 3514 1526 3549 con-

299 3589 435 3642 iunctione
457 3586 633 3655 circalmam]
658 3587 676 3641 i.
696 3604 718 3641 e.
743 3587 795 3641 den
814 3587 954 3654 Aequutor
978 3585 1095 3641 err-eicht
1112 3585 1169 3639 und
1193 3579 1421 3640 durchschneidet
1444 3584 1527 3652 [iniat

298 3667 323 3732 et
345 3678 484 3742 treverae).
521 3678 550 3730 et
572 3676 667 3731 eodem
690 3676 801 3731 uidetur
828 3676 923 3731 cadere
950 3694 976 3745 p.
1001 3676 1080 3742 1042
1107 3678 1265 3744 Scorpionis
1292 3682 1411 3728 extremo
1438 3677 1529 3728 conda

300 3770 389 3821 eodem
407 3767 508 3820 circuio
526 3769 700 3834 coaiaayitar
716 3766 734 3819 i.
756 3783 778 3820 e.
802 3768 917 3819 cundum
935 3768 1006 3818 idem
1029 3767 1148 3819 circatas
1171 3767 1315 3834 coaiaaqit,
1339 3781 1401 3819 cunr
1420 3782 1445 3832 p.
1466 3764 1528 3830 95,1

299 3858 333 3910 ab
352 3873 381 3909 eo
400 3857 455 3909 loco
473 3873 524 3924 qao
538 3854 694 3924 (Eridanus)
708 3873 797 3924 prope
817 3858 989 3923 coaiaayitm·
1012 3856 1071 3910 Ceto
1090 3855 1199 3908 dubites
1217 3856 1311 3908 utrum
1331 3852 1470 3906 ablaticus
1489 3852 1528 3906 sit

303 3947 364 3999 Ceto
382 3943 543 4012 (Eridanum
562 3945 706 4015 coniungit
725 3943 826 4012 Cetus),
846 3962 882 3998 an
901 3943 1012 3998 dutinus
1032 3943 1071 4012 (u.
1091 3943 1184 3998 adnot.
1203 3947 1311 4013 praeci

392 4067 413 4137 ²)
431 4068 522 4124 Aliter
543 4087 585 4124 res
608 4087 637 4124 se
658 4071 744 4125 habet
767 4087 830 4138 pag.
856 4069 917 4133 94,4
941 4068 986 4136 (=
1007 4069 1062 4123 sch.
1081 4065 1098 4122 3
1117 4067 1169 4137 ex.)
1205 4071 1235 4122 m·
1252 4072 1343 4136 pisces
1365 4069 1528 4136 qroibasdam

299 4163 383 4214 stellio
402 4167 431 4213 at
449 4161 546 4213 lineola
563 4161 597 4213 ab
614 4161 718 4214 Arietis
737 4161 807 4227 pede
825 4162 919 4228 primo
942 4162 1142 4228 coaiaapaatar
1160 4158 1178 4212 i.
1198 4175 1220 4212 e.
1240 4158 1314 4211 inter
1332 4173 1360 4211 se
1383 4155 1427 4222 (cf.
1447 4158 1527 4211 Aret.

299 4253 328 4304 ot
351 4250 405 4303 sch.
425 4247 527 4314 Germ.)
550 4248 756 4318 coniunguntur
779 4248 854 4316 quib.
878 4250 913 4301 st.
936 4250 969 4301 ut
991 4247 1102 4314 lineola,
1126 4264 1198 4315 quae
1221 4247 1255 4301 ab
1279 4247 1325 4299 Ar.
1349 4264 1375 4315 p.
1399 4263 1440 4314 pr.
1464 4263 1527 4315 pro·

300 4339 438 4406 ficiscitur,
458 4338 491 4394 cf.
511 4356 537 4391 u.
557 4337 573 4390 8
593 4338 698 4391 ‘horum
717 4337 936 4391 coniunctionem
955 4356 1023 4406 qaue
1041 4340 1143 4406 opeda
1161 4338 1210 4390 Aa.
1227 4354 1275 4404 pr.
1294 4335 1422 4390 notatar'.

390 4462 412 4532 ³)
439 4462 539 4517 Inuitis
572 4463 709 4517 codicibus
736 4462 862 4516 omnibns
900 4465 974 4517 recte
1000 4463 1071 4517 hanc
1103 4479 1197 4516 uocem
1228 4460 1344 4515 inseruit
1377 4459 1527 4514 Bursianus

299 4553 325 4623 (β
352 4554 533 4608 Munckerum
560 4555 668 4608 secutus
696 4551 819 4618 dicitur).
856 4551 890 4605 cf.
916 4569 962 4621 pp.
981 4552 1051 4618 29‚8.
1073 4550 1165 4619 [idda]
1193 4551 1295 4616 103,11.
1320 4550 1412 4615 105‚2;
1438 4550 1527 4616 83,16.

299 4644 369 4707 842.
390 4642 582 4714 montaum.
604 4643 706 4709 lll‚19.
746 4640 819 4709 [8‘l,3
841 4643 977 4709 Opbiacbo
996 4650 1019 4696 et
1037 4644 1197 4711 Eripoaasia
1215 4637 1410 4707 occidentibus]
