3254 5040
757 347 862 413 LXXI

199 563 296 627 quam
329 564 369 609 ex
397 543 766 611 Pseudo-Eratosthene
795 543 945 628 Hyginus
977 543 1165 630 desumpsit,
1198 545 1359 612 sententia
1391 552 1424 611 et

199 651 339 736 epitome
363 660 395 718 et
418 651 552 718 scholiis
573 652 649 719 Bas.
674 652 898 736 conprobatur.

288 758 382 838 Quod
406 759 550 844 sequitur
572 759 606 824 in
625 762 654 824 Y
673 758 735 839 qui
758 756 850 840 quod
876 756 1062 823 exoriente
1085 757 1161 824 sole
1184 758 1220 824 ct
1243 757 1422 825 occidente

198 863 366 931 uideatur
395 888 467 933 oum
495 887 533 932 eo
562 865 648 950 quod
675 864 842 952 praecedit
874 873 949 952 apte
982 865 1186 933 coniunctum
1214 873 1263 933 est
1291 874 1323 932 et
1350 888 1422 933 cum

199 974 407 1057 sequentihus
431 973 538 1040 uerbis
561 983 596 1039 ct
617 981 688 1040 cate
710 975 844 1039 dicimus
872 972 1095 1055 (omittendum
1118 975 1225 1058 quare)
1253 978 1322 1040 iare
1343 978 1422 1040 hanc

198 1090 227 1146 et
254 1084 362 1146 hedam
398 1090 427 1146 et
456 1084 630 1166 Hesperum
656 1084 859 1163 semiactum,
896 1101 978 1164 quae
1005 1101 1200 1165 quamquam
1227 1080 1260 1145 in
1289 1081 1422 1148 scholiis

197 1194 328 1272 propter
361 1187 458 1273 spatii
490 1187 636 1273 inopiam
666 1186 895 1254 interciderunt
923 1207 964 1253 ex
994 1187 1128 1271 uulgata
1160 1187 1315 1253 memoria
1348 1209 1420 1274 sup·

196 1294 332 1379 plentur,
358 1294 522 1360 causalem
546 1293 667 1360 indicat
691 1289 855 1360 conexum.
900 1300 1012 1359 contra
1034 1295 1068 1359 in
1089 1298 1126 1359 X
1146 1295 1245 1360 uerba
1269 1299 1422 1362 1111111111

196 1404 259 1466 sole
290 1409 318 1467 et
349 1405 499 1467 occidente
530 1405 631 1467 uideri
663 1421 767 1488 paene
800 1402 886 1467 omni
920 1421 1044 1468 conexu
1077 1408 1151 1468 sunt
1184 1402 1299 1470 soluta.
1346 1423 1421 1468 nam

197 1507 284 1591 quod
316 1507 514 1574 Schellerum
550 1506 593 1595 (et
622 1507 751 1595 oricate)
789 1515 919 1575 secutus
952 1512 969 1593 β
1007 1510 1177 1595 temptauit
1208 1519 1238 1576 et
1268 1513 1421 1576 exoriente

198 1615 390 1681 sententiam
413 1635 477 1681 non
500 1616 642 1681 restituit
665 1614 724 1681 sed
746 1635 878 1700 prorsus
902 1616 1044 1700 ineptam
1063 1614 1178 1682 reddit.
1214 1617 1421 1701 nequeenim

195 1721 340 1806 prolecto
372 1722 459 1806 quod
486 1724 651 1808 Hesperus
683 1743 755 1788 cum
781 1724 909 1790 Uenere
936 1722 978 1788 de
1005 1722 1244 1808 pulchritudine
1276 1725 1420 1809 certauit,

198 1829 267 1895 eius
306 1829 403 1896 stella
439 1837 471 1895 et
507 1830 672 1896 exoriente
709 1830 777 1897 sole
815 1836 847 1895 et
884 1829 1049 1895 occidente
1087 1829 1221 1896 uidetur.
1281 1829 1420 1915 denique

197 1936 319 2003 codicis
347 1938 567 2005 Ymemoriae
591 1937 702 2004 fauent
726 1958 809 2021 quae
832 1937 865 2002 in
890 1937 988 2004 schol.
1014 1937 1112 2021 Sang.
1135 1958 1212 2023 pag.
1233 1940 1351 2023 229‚17
1375 1942 1419 2021 (u.

195 2066 227 2129 p.
252 2043 402 2126 LXVIII)
430 2052 559 2111 exstant
582 2067 616 2111 eo
639 2046 720 2130 qaod
744 2048 779 2110 at
806 2047 940 2134 quodam
967 2066 1195 2130 menumquam
1221 2049 1337 2111 oriente
1358 2048 1421 2112 sole

194 2173 423 2236 coaeumpuam
455 2155 605 2218 occidetue
635 2153 818 2237 uideutcr¹)‚
852 2151 990 2218 fortasse
1018 2153 1116 2217 etiam
1144 2151 1230 2236 quod
1258 2151 1362 2219 codex
1392 2153 1420 2218 G

195 2257 294 2324 habet
323 2261 404 2343 praed
429 2281 477 2326 ea.
507 2268 536 2324 et
562 2282 622 2326 occ.
650 2262 781 2343 uidetur,
814 2279 908 2343 quem
937 2257 1082 2324 codicem
1109 2259 1212 2325 solum
1238 2266 1420 2326 nostrorum

196 2365 356 2430 interdum
379 2365 546 2451 archetypi
569 2369 606 2431 X
624 2366 762 2433 frustula
786 2385 936 2432 seruasse
958 2364 1098 2431 uidimus
1122 2372 1232 2451 (supra
1254 2386 1285 2451 p.
1309 2369 1375 2447 53).
1406 2387 1409 2393 ·

286 2597 307 2667 ¹]
335 2599 415 2654 Falso
443 2597 591 2654 scholiasta
619 2597 667 2652 ille
695 2597 730 2653 ad
757 2615 791 2652 ea
818 2614 889 2666 quae
920 2597 1089 2667 praecedunt
1116 2615 1179 2652 cnm
1206 2597 1275 2652 haec
1307 2596 1420 2652 referret

196 2718 228 2724 —
252 2688 366 2744 fortasse
394 2687 488 2743 deerat
514 2687 601 2743 codici
628 2705 682 2756 qno
709 2687 842 2743 utebatur
868 2686 1028 2756 Hyginiano
1056 2687 1129 2755 quod
1156 2690 1184 2740 Y
1206 2686 1292 2740 habet
1319 2689 1367 2754 qui
1386 2714 1417 2723 —

194 2777 366 2845 praeclarum
384 2777 454 2832 illud
471 2781 504 2831 ai
520 2779 637 2847 quadum
656 2777 771 2842 addidit,
790 2779 823 2832 111
841 2795 889 2831 cur
913 2779 1001 2831 Uenus
1018 2777 1070 2831 illa
1088 2777 1170 2832 stella
1188 2775 1331 2845 appellata
1349 2778 1420 2830 esset

194 2867 305 2936 egregio
324 2866 477 2935 neriloqnio
494 2866 652 2936 explicaret.
