3254 5040
195 363 288 422 erant
311 357 344 420 in
368 356 498 421 modum
523 356 645 423 codicis
669 361 709 441 K,
733 378 870 441 quocum
896 358 922 423 C
944 376 981 424 eo
1005 378 1132 441 quoque
1156 359 1311 441 congruit,
1336 357 1424 440 quod

196 463 491 545 sangermanensis
524 463 648 528 scholia
681 463 876 548 Hyginianis
908 462 1089 531 admiscuit.
1147 463 1262 530 eadem
1299 465 1426 530 ratione

196 569 315 634 factum
341 589 413 657 esse
429 568 567 653 uidetur,
588 576 624 634 ut
637 569 773 652 Aquarii
788 576 820 634 et
828 570 947 636 -Persei
971 590 1085 636 uersus
1101 570 1256 654 Cyriacus
1280 569 1425 652 adderet,

194 676 349 761 Delphini
382 683 413 741 et
444 676 587 742 Piscium
619 677 817 760 neglegeret.
876 697 949 742 cum
981 677 1074 761 enim,
1107 683 1142 741 ut
1175 677 1208 740 in
1242 677 1353 742 codice
1385 680 1426 760 K,

197 803 311 849 uersus
346 783 497 848 carminis
525 783 610 847 infra
640 782 762 866 figuras
789 783 924 866 Aquarii
954 789 987 848 et
1016 783 1128 848 Persei
1161 783 1320 848 subiuncti
1354 804 1426 848 cum

197 875 336 956 scholiis⁴
359 889 479 954 circum
507 896 593 955 totas
622 889 689 955 fere
717 890 877 973 imagines
911 889 1040 974 scriptis
1068 910 1173 973 paene
1207 889 1426 973 cohaererent,

199 995 356 1080 Cyriacus
380 1017 401 1061 a
425 995 556 1062 scholiis
580 996 674 1078 quasi
697 996 781 1061 ultro
807 995 988 1062 aduersus
1017 995 1249 1062 describendos
1272 996 1424 1081 perrexit.

197 1108 308 1168 contra
330 1103 485 1187 Delphini
518 1110 550 1167 et
573 1103 714 1169 Piscium
742 1123 857 1169 uersus
885 1124 905 1167 a
933 1104 1056 1168 scholio
1084 1103 1254 1168 interiecta
1282 1104 1426 1186 imagine

197 1209 334 1275 seiuncti
369 1216 469 1274 erant.
522 1208 608 1291 quod
643 1208 683 1274 de
716 1210 877 1294 Delphino
913 1209 1071 1294 Cyriacus
1102 1216 1251 1294 testatur,
1282 1210 1426 1274 Piscium

196 1323 304 1380 autem
327 1315 439 1379 tabula
462 1315 495 1379 in
509 1314 565 1379 illo
590 1315 702 1380 codice
726 1315 841 1382 eodem
863 1315 959 1381 modo
984 1323 1081 1399 atque
1105 1316 1137 1379 in
1153 1320 1184 1379 Κ
1197 1318 1244 1381 ita
1267 1317 1426 1382 instructa

197 1413 276 1506 erat,
310 1429 344 1486 ut
372 1420 517 1486 scholion
544 1421 577 1485 in
606 1421 688 1486 duas
718 1422 883 1486 columnas
917 1420 1058 1487 diuisum
1091 1429 1190 1506 esset,
1225 1443 1359 1504 quarum
1391 1422 1426 1487 in

197 1529 303 1594 altera
326 1546 462 1593 necesse
477 1535 527 1592 est
542 1527 643 1592 fuisse
668 1527 776 1611 uerba,
800 1528 916 1609 quibus
932 1529 1087 1612 Cyriacus
1110 1529 1211 1593 uerba
1234 1527 1287 1592 ‘ad
1301 1529 1423 1593 Pisces'

197 1633 355 1720 praefixit,
383 1633 416 1698 in
444 1634 632 1718 posteriore,
662 1634 776 1715 quibus
805 1632 858 1697 ‘ad
887 1634 985 1698 alium
1012 1635 1153 1718 piscem!
1207 1635 1426 1700 Uercellensis

199 1743 283 1806 enim
309 1739 432 1806 codicis
456 1740 615 1824 librarius,
640 1760 712 1804 cum
736 1739 875 1824 exempli
899 1740 1044 1806 scholion
1068 1739 1183 1805 eodem
1206 1741 1302 1806 modo
1326 1749 1425 1824 atque

198 1849 231 1913 in
255 1849 285 1911 A
307 1847 391 1911 inter
414 1845 497 1911 duos
525 1846 633 1930 pisces
659 1846 861 1911 distributum
892 1868 932 1912 ex
955 1867 1043 1912 more
1067 1867 1124 1913 suo
1150 1857 1241 1912 extra
1264 1850 1424 1930 imagines

197 1953 403 2037 describeret,
428 1972 566 2035 eaquae
585 1953 669 2017 intra
688 1953 826 2038 piscium
842 1974 977 2039 corpora
1001 1954 1177 2038 inuenerat,
1201 1955 1328 2038 utrique
1343 1955 1426 2038 pisci

198 2059 365 2141 singultim
389 2059 546 2126 adiunxit.
593 2080 696 2142 neque
720 2059 794 2125 huic
818 2060 994 2145 suspicioni
1020 2062 1136 2146 obstat,
1165 2061 1250 2144 quod
1274 2068 1349 2146 post
1373 2060 1427 2125 ‘ad

197 2165 387 2231 Ganimedis
401 2165 546 2248 figuram’
562 2203 606 2215 —·
621 2167 712 2231 cuius
726 2186 842 2231 nomen
860 2167 893 2230 ni
910 2166 1005 2231 fallor
1024 2167 1081 2231 illa
1100 2168 1274 2252 pincernae
1294 2166 1427 2232 deorum

198 2272 302 2356 figura
325 2272 492 2354 recognita
509 2271 665 2355 Cyriacus
689 2272 818 2338 schedis
843 2273 910 2339 suis
933 2273 1151 2359 inscripserat,
1176 2274 1364 2358 priusquam
1383 2273 1427 2338 ad

199 2380 273 2464 ipsa
289 2376 412 2443 codicis
427 2379 536 2461 uerba,
559 2378 594 2441 in
617 2399 679 2461 quo
704 2378 843 2444 fortasse
858 2386 893 2444 ut
907 2379 940 2444 in
954 2380 1018 2444 ΑΚ
1037 2380 1082 2445 ad
1096 2380 1243 2463 singulas
1267 2381 1426 2463 imagines

198 2485 328 2550 nomina
351 2484 603 2566 uniuscuiusque
628 2484 712 2568 signi
736 2484 865 2550 adiecta
890 2493 994 2570 erant,
1022 2486 1252 2571 perscribenda
1276 2493 1427 2572 pergeret

197 2631 241 2638 -
270 2591 351 2657 satis
378 2591 458 2657 mire
492 2590 623 2656 additur
651 2591 693 2655 ‘in
721 2591 884 2677 Aquario',
915 2593 978 2658 nisi
1007 2614 1083 2659 uero
1118 2593 1204 2677 quod
1236 2593 1268 2657 in
1299 2593 1428 2678 Cyriaci

198 2696 401 2782 autographo
440 2704 509 2763 erat
542 2697 728 2781 ‘iaquariu'
768 2698 814 2777 (id
851 2705 901 2765 est
933 2699 1123 2786 Aquarium)
1160 2699 1284 2765 librarii
1321 2720 1428 2765 errore

199 2810 382 2888 corruptum
411 2810 469 2868 est.
521 2803 659 2886 denique
692 2805 867 2890 inscriptas
900 2806 1059 2888 imagines
1087 2807 1120 2871 ni
1149 2807 1245 2871 fallor
1273 2806 1428 2890 Cyriacus

200 2911 317 2994 dignas
345 2910 514 2976 habuisset
541 2931 624 2992 quas
653 2913 817 2995 expressis
846 2913 954 2978 uerbis
983 2921 1256 2996 commemoraret,
1285 2918 1341 2976 aut
1364 2933 1426 2995 quo

199 3025 269 3082 crat
291 3016 447 3101 pingendi
471 3016 578 3081 studio
603 3015 647 3102 (u.
671 3038 768 3102 supra
791 3039 821 3083 n.
836 3020 870 3098 3)
895 3018 1095 3103 depingeret.
1144 3018 1203 3085 sed
1225 3039 1330 3101 neque
1354 3019 1425 3103 ipse

199 3124 375 3207 quidquam
404 3123 445 3188 de
472 3122 535 3189 hac
557 3143 592 3189 re
617 3122 705 3208 dicit,
733 3144 837 3207 neque
866 3125 895 3190 is
924 3126 981 3208 qui
1009 3125 1254 3190 commentarios
1284 3124 1353 3191 eius
1378 3146 1427 3208 ex,

200 3231 330 3315 scripsit
351 3230 531 3314 imaginem
550 3250 586 3295 se
611 3230 760 3296 omisisse
783 3238 891 3296 monet
915 3235 959 3312 (u.
985 3252 1083 3316 supra
1106 3252 1136 3314 p.
1160 3233 1226 3311 25).

287 3336 394 3401 Etiam
410 3357 493 3419 quae
514 3336 555 3401 de
574 3337 750 3420 imaginum
770 3338 880 3422 specie
896 3358 935 3403 ac
955 3337 1057 3402 forma
1073 3344 1300 3402 commemorat
1315 3337 1427 3422 Cyria-

198 3464 265 3527 cus,
289 3463 484 3525 quamquam
505 3463 671 3528 perpauca
687 3451 818 3508 sunt-
833 3443 873 3509 de
888 3444 1051 3529 Delphino
1076 3450 1106 3509 et
1121 3442 1163 3509 de
1176 3443 1326 3510 Piscibus
1345 3442 1426 3508 nihil

200 3550 577 3634 dicit—,inBritannicas
586 3550 745 3633 imagines
756 3550 1049 3634 optimequadrant,
1065 3549 1291 3632 quoquuarii
1301 3551 1428 3632 signum

200 3655 422 3740 Ganymedem
446 3655 532 3739 dicit,
556 3676 628 3721 cum
643 3656 837 3722 Cottoniana
859 3657 1002 3741 imagine
1027 3657 1208 3740 (Harleiani
1232 3657 1293 3722 hoc
1316 3655 1429 3722 folium

201 3763 356 3829 amissum
371 3761 434 3849 θεῖ)
459 3763 618 3843 conuenit,
644 3763 703 3828 sed
718 3764 759 3828 de
774 3765 836 3830 hoc
860 3765 953 3847 signo
969 3765 1070 3830 fuisse
1094 3783 1271 3830 consensus
1288 3767 1331 3846 (u.
1349 3762 1426 3831 Ottl.

199 3891 230 3955 p.
267 3871 341 3948 152)
380 3868 518 3934 uidetur.
572 3890 669 3934 unum
705 3871 861 3936 Perseum
897 3870 1007 3955 paullo
1045 3871 1228 3936 accuratius
1266 3870 1428 3955 describit,

199 3983 380 4061 propterea,
409 3983 445 4040 ut
472 3975 608 4061 uidetur,
636 3976 724 4060 quod
751 3976 832 4043 haec
860 3977 967 4060 imago
990 3977 1025 4041 in
1052 3976 1108 4042 illo
1138 3976 1251 4043 codice
1279 3984 1314 4042 ut
1342 3977 1374 4041 in
1399 3979 1429 4041 A

200 4082 439 4168 pulchritudine
463 4083 579 4150 ceteris
602 4085 800 4169 praestabat,
823 4104 899 4148 nam
923 4083 1106 4168 ‘egregiam'
1132 4104 1204 4150 earn
1224 4091 1330 4152 uocat.
1369 4085 1429 4151 sed

201 4210 285 4272 quae
308 4189 419 4274 addit,
439 4210 460 4254 a
482 4191 602 4255 nostris
631 4191 826 4273 imaginibus
850 4191 1029 4276 paullisper
1057 4190 1222 4275 differunt,
1252 4191 1284 4254 in
1313 4192 1428 4274 quihus

213 4296 378 4362 taleratus’
404 4295 534 4379 quidem
557 4304 607 4361 est
629 4296 778 4381 Perseus,
808 4296 867 4362 sed
889 4297 1044 4363 Medusae
1069 4304 1166 4382 caput
1190 4297 1321 4363 sinistra
1344 4306 1428 4363 retro

201 4423 299 4469 uersa
335 4410 437 4481 tenet,
476 4401 590 4468 dextra
622 4422 719 4468 manu
756 4410 905 4488 porrecta
940 4424 1004 4469 non
1041 4403 1187 4488 gladium
1223 4409 1332 4486 gestat
1371 4403 1429 4470 sed
