3254 5040
750 279 875 347 XXVII

289 479 342 548 20.
365 477 479 544 Piscis
502 480 557 563 qui
579 479 685 544 notius
709 477 898 563 appellatur.
931 478 959 542 is
983 477 1109 542 uidetur
1132 496 1251 559 aquam
1275 476 1424 560 accipere

200 610 221 653 a
244 588 337 671 signo
352 586 505 670 Aquario.
553 586 607 669 qui
630 585 830 651 laborantem
854 584 1015 668 quondam
1039 583 1117 650 Isim
1141 604 1291 649 seruasse
1315 583 1424 649 existi-

200 702 314 779 matur,
338 715 397 780 pro
425 715 488 777 quo
516 693 672 758 beneficio
701 693 906 758 simulacrum
930 693 1030 777 piscis
1055 698 1086 756 et
1110 692 1178 756 eius
1207 690 1354 769 filiorum,
1382 690 1424 755 de

200 802 315 887 quibus
338 807 414 866 ante
437 799 586 885 diximus,
615 801 697 865 inter
724 806 812 865 astra
840 800 1055 866 coustitutum.
1102 799 1213 881 itaque
1236 798 1309 883 Syri
1339 818 1423 862 com-

198 909 307 993 plures
334 908 441 994 pisces
464 928 528 973 non
556 907 674 973 esitant
697 914 728 972 et
751 927 860 973 eorum
889 907 1063 973 simulacra
1091 908 1240 972 inaurata
1267 927 1325 990 pro
1350 905 1421 971 deis
1467 907 1487 970 5

199 1016 370 1101 penatibus
393 1015 509 1085 colunt.
554 1013 596 1082 de
618 1015 679 1081 hoc
703 1015 827 1082 Ctesias
851 1015 970 1081 scribit.

288 1124 375 1191 luter
398 1123 570 1191 hiemalem
593 1131 625 1190 et
648 1125 847 1189 antarcticou
871 1124 1025 1188 circulum
1047 1122 1156 1188 media
1171 1123 1304 1206 regione
1328 1121 1424 1186 collo-

201 1238 292 1298 catus
311 1238 458 1317 spectare
482 1235 524 1296 ad
546 1237 689 1297 exortum
713 1230 838 1296 uidetur
852 1231 934 1295 iuter
949 1230 1179 1315 Capricornum
1194 1238 1225 1296 et
1239 1229 1424 1313 Aquarium,

201 1362 256 1408 ore
283 1339 449 1425 excipiens
476 1360 595 1424 aquam
624 1360 708 1422 quae
736 1336 939 1422 profunditur
962 1338 1003 1402 ab
1027 1338 1180 1420 Aquario.
1228 1337 1279 1401 hic
1304 1336 1424 1401 occidit

201 1449 322 1514 oriente
350 1447 488 1532 Cancro,
517 1447 656 1512 exoritur
683 1453 789 1511 autem
819 1466 891 1510 cum
919 1445 1076 1511 Piscibus.
1128 1444 1186 1510 red
1216 1452 1266 1510 est
1294 1445 1421 1508 omnino
1450 1443 1490 1505 10

201 1555 365 1622 stellarum
389 1553 569 1621 duodecim.

430 1660 536 1715 Exinde
554 1660 704 1715 australem
722 1660 796 1714 soliti
815 1678 896 1728 quem
917 1660 1006 1714 (licere
1024 1660 1130 1714 Piscem

431 1750 559 1804 Uoluitur
577 1750 689 1804 inferior
709 1749 872 1818 Capricorno
891 1767 985 1803 uersus
1004 1749 1039 1804 ad
1058 1752 1191 1803 austrum.

201 1839 288 1925 (sunt
311 1839 426 1906 stellae
448 1840 534 1918 XII).

288 1945 338 2014 21.
361 1944 446 2014 Ara.
473 1945 516 2011 ad
530 1946 613 2011 hanc
626 1947 763 2030 primum
780 1945 832 2010 dei
847 1946 1070 2011 existimantur
1086 1945 1289 2011 sacrificasse
1305 1951 1337 2009 et
1350 1964 1423 2008 con-

199 2055 390 2120 iurationem
425 2054 552 2131 fecisse,
591 2074 663 2118 cum
696 2054 831 2118 Titanas
871 2073 1058 2138 oppugnare
1096 2059 1295 2118 conarentur.
1351 2071 1424 2115 eam

200 2167 307 2227 autem
334 2161 494 2246 Cyclopas
523 2160 648 2226 fecisse.
701 2161 742 2225 ah
771 2175 811 2226 ea
840 2160 1072 2226 consuetudine
1100 2159 1246 2224 homines
1276 2158 1423 2223 dicuntur

288 2343 395 2395 Schol-
414 2343 487 2394 coil·
505 2342 538 2393 Α.
575 2339 632 2393 20.
656 2339 764 2394 Piscis
785 2344 813 2393 in
832 2358 917 2408 uturp.
938 2342 988 2405 tuf.
1008 2358 1025 2391 a
1043 2357 1077 2392 m.
1097 2357 1150 2392 rec.
1178 2339 1182 2404 1
1208 2341 1220 2390 l
1241 2338 1362 2406 accipere
1383 2340 1424 2390 trel

199 2429 319 2498 recipere
335 2431 370 2492 14
391 2429 540 2483 constitum
557 2428 561 2493 l
578 2431 593 2481 6
612 2429 726 2494 elesiasl
745 2430 761 2482 8
780 2431 810 2483 at
826 2432 830 2493 Ι
847 2429 963 2483 uedctur
982 2431 987 2490 Ι
1008 2430 1023 2481 9
1043 2428 1180 2497 excipiens
1201 2431 1242 2481 ael
1260 2428 1396 2481 excidiens
1418 2424 1421 2493 1

202 2519 235 2573 10
252 2519 285 2572 ed
300 2521 305 2581 l
323 2519 354 2572 14
375 2527 453 2572 extra
469 2522 512 2587 fip.
532 2522 621 2572 adscr.
641 2538 674 2572 m.
694 2538 746 2572 rec.
766 2549 799 2556 —
818 2521 925 2573 totidem
943 2521 1034 2572 stellae
1052 2526 1115 2571 sarit
1128 2521 1228 2585 pictus.

287 2608 336 2661 21.
355 2609 428 2661 ARA
450 2613 478 2661 ia
497 2626 582 2676 marg.
603 2611 651 2675 inf.
671 2628 688 2661 o
707 2627 740 2661 m.
759 2626 811 2662 rec.
837 2611 841 2672 Ι
869 2613 880 2661 l
902 2626 962 2662 aras
988 2610 991 2671 Ι
1016 2608 1069 2661 hac

287 2698 381 2765 Hya.
399 2700 496 2752 codd.
531 2697 589 2751 20.
611 2699 801 2765 1-6=Hp9.
816 2697 842 2750 Il
857 2698 890 2750 ll
909 2695 912 2766 1
931 2699 944 2749 1
960 2714 1014 2764 quo
1033 2699 1058 2749 Β
1075 2694 1078 2764 1
1095 2696 1340 2750 nothiusRnotus
1355 2695 1397 2748 D²
1418 2696 1421 2759 Ι

198 2785 244 2840 hic
262 2789 294 2840 X
314 2789 318 2853 1
344 2786 454 2854 aquam]
474 2805 519 2842 ore
538 2805 641 2855 aquam
659 2787 694 2851 (a.
714 2805 737 2840 o.
757 2789 792 2853 R)
811 2788 881 2855 Hpq.
911 2786 916 2849 Ι
945 2786 1068 2854 excipere
1088 2788 1156 2855 Hpq.
1187 2783 1191 2854 Ι
1221 2787 1274 2839 2a
1292 2804 1342 2839 oua
1362 2788 1388 2838 Β
1418 2784 1420 2843 l

199 2875 315 2944 Aquarii
333 2884 402 2930 recte
416 2874 654 2946 MRD²BGP0pt
675 2896 699 2930 a.
719 2897 740 2930 c.
760 2880 810 2930 ΠΙ
824 2879 886 2930 adri.
907 2880 930 2943 1,
952 2880 980 2929 ia
999 2879 1026 2929 D
1044 2879 1099 2942 fult
1118 2894 1197 2929 a...
1218 2875 1315 2942 quario
1334 2876 1361 2940 12
1383 2879 1423 2928 uel

199 2966 215 3017 3
234 2968 388 3019 litterarum
400 2984 511 3035 rasura,
530 2966 601 3030 atil)
618 2968 622 3023 l
642 2965 719 3019 issim
733 2969 759 3018 Β
775 2965 847 3035 ysim
861 2968 914 3018 BG
932 2965 985 3018 isin
1001 2968 1053 3018 PU
1055 2982 1092 3033 σμ
1108 2963 1111 3033 Ι
1128 2968 1149 3017 3-
1159 2965 1355 3018 simulachrum
1370 2967 1424 3018 DR

200 3055 242 3117 (ut
265 3057 373 3123 abique)
399 3055 403 3120 Ι
428 3057 443 3108 4
467 3055 540 3109 inter
562 3055 615 3108 diis
638 3057 713 3109 astra
736 3058 770 3109 M
792 3058 838 3109 sed
860 3055 995 3124 diisdcl,
1022 3055 1051 3108 in
1080 3057 1155 3109 astra
1183 3053 1223 3107 D¹
1250 3055 1253 3116 Ι
1278 3055 1423 3108 constituit

198 3145 267 3212 Hyp.
287 3141 429 3213 (epitome'
448 3148 538 3199 ascari
556 3148 662 3199 lectioni
680 3154 825 3214 repugnat:
843 3141 885 3205 οὓς
904 3143 998 3204 πάντας
1017 3142 1137 3214 ἐτίμησαν
1155 3143 1198 3193 καὶ
1217 3140 1307 3203 ἐντοῖς
1326 3140 1423 3213 ἄστροις

198 3229 299 3302 ἔθηκαν
317 3253 348 3302 p,
369 3235 447 3304 leop,
475 3237 509 3301 cf.
534 3237 617 3288 schol.
633 3237 713 3301 Bos.)
744 3238 748 3300 Ι
778 3235 825 3288 siri
845 3237 899 3287 DP
917 3234 983 3304 syrii
1002 3237 1030 3287 F
1056 3232 1060 3301 Ι
1090 3235 1267 3303 quamplures
1290 3237 1324 3287 M
1327 3231 1338 3262 ²
1362 3252 1422 3287 con-

198 3340 289 3409 plures
308 3343 336 3394 D
355 3343 416 3404 (sed
433 3360 445 3394 s
465 3345 527 3396 cdd.
548 3361 581 3395 m.
601 3344 631 3407 2)
651 3344 685 3394 Μ
689 3339 746 3408 1Ββ
766 3344 770 3406 Ι
791 3343 808 3396 5
827 3341 950 3396 hesitant
970 3344 1019 3395 PF
1035 3307 1158 3395 hesitant
1177 3344 1202 3393 Β
1222 3342 1226 3404 Ι
1248 3343 1346 3395 aurata
1371 3345 1396 3394 U
1417 3338 1420 3397 l

198 3429 250 3484 diis
269 3431 317 3496 ΧΙ
333 3433 350 3485 6
368 3431 531 3500 poenatibus
550 3432 592 3495 Pl
609 3431 678 3485 de-
696 3430 792 3485 scribit
811 3450 859 3485 ona
881 3433 905 3483 G
921 3435 925 3492 Ι
942 3429 1055 3497 Ctesias]
1076 3434 1116 3484 sic
1134 3450 1166 3484 erc
1185 3434 1257 3484 codd.
1278 3435 1337 3484 seris
1356 3430 1423 3483 rorte

199 3522 254 3572 iam
271 3521 364 3588 Bura,
383 3519 482 3574 etesias
501 3523 528 3574 D
543 3513 604 3584 (scd
619 3522 747 3585 ascrae.)
762 3523 795 3587 B,
815 3520 932 3574 cthesias
952 3523 1008 3572 ΜΒ
1026 3518 1145 3573 etherius
1164 3521 1233 3573 Pet
1252 3520 1356 3588 Hesyas
1371 3522 1428 3573 FU

197 3611 226 3662 et
243 3609 375 3678 Hegesias
394 3626 433 3678 σμ
451 3612 480 3665 et
498 3610 602 3664 Ctesias
627 3614 694 3664 conl.
719 3613 828 3664 Medius
851 3612 982 3663 Murrclrcr·
1011 3611 1015 3675 Ι
1045 3608 1140 3663 scribit
1163 3628 1213 3662 ora.
1234 3607 1273 3662 D¹
1301 3611 1305 3674 Ι
1336 3610 1420 3662 l—-ll

199 3719 229 3742 =
245 3692 365 3768 Hyaffl
375 3700 408 3753 lo
429 3700 434 3765 Ι
456 3701 471 3752 ‘l
482 3699 567 3754 Piscis
578 3703 671 3755 autem
681 3699 729 3768 qui
740 3699 831 3754 notius
843 3699 945 3753 dicitur
954 3699 1026 3753 inter
1036 3702 1105 3768 Hyp.
1126 3700 1130 3764 Ι
1152 3697 1331 3765 antarcticon]
1342 3702 1381 3751 sic
1394 3701 1428 3751 M

196 3787 380 3842 antarcticum
395 3787 494 3843 D’FU
500 3787 585 3856 edith
603 3789 787 3844 antracticum
802 3791 828 3841 Β
846 3787 1014 3842 antarticum
1028 3791 1054 3841 P
1069 3788 1190 3843 arcticon
1205 3787 1244 3842 D'
1262 3789 1382 3843 arcticon
1398 3790 1423 3840 B

197 3876 330 3930 arcticum
350 3881 375 3930 G
391 3877 395 3942 Ι
411 3878 559 3933 collocatus
578 3898 627 3932 om.
647 3881 675 3932 F
692 3882 695 3942 l
716 3881 732 3932 8
752 3880 909 3947 exspectare
929 3881 956 3930 D
976 3879 981 3943 Ι
1003 3876 1071 3932 idem
1089 3897 1156 3947 qliae
1175 3887 1323 3946 sequuntur
1341 3880 1422 3931 uerbo

195 3968 244 4020 hoc
266 3969 361 4020 ordine
386 3969 501 4039 exhibet:
527 3967 601 4022 inter
622 3968 775 4036 Aquarium
795 3970 823 4022 ct
842 3967 1037 4036 Capricornum
1061 3968 1172 4022 uidetur
1199 3969 1233 4022 ad
1261 3972 1386 4022 exortunr
1416 3964 1419 4025 l

195 4055 270 4110 inter
291 4055 487 4125 Capricornum
511 4060 539 4111 et
565 4056 727 4126 Aquarium]
752 4061 791 4111 sic
814 4060 871 4111 FU
894 4066 971 4126 recte,
999 4057 1072 4112 inter
1096 4057 1249 4125 Aquarium
1277 4060 1306 4112 et
1329 4057 1421 4125 Capri-

196 4163 305 4199 cornum
331 4149 412 4200 ceteri
435 4165 461 4201 u.
486 4166 544 4215 cup.
564 4150 613 4201 ΙΙΙ
627 4150 714 4214 subs.
736 4147 740 4208 Ι
761 4148 778 4200 9
796 4146 923 4201 funditur
941 4149 972 4199 X
990 4147 994 4212 Ι
1016 4148 1049 4200 10
1068 4147 1155 4201 oritur
1175 4147 1282 4211 Glscd
1299 4165 1349 4200 ont.
1371 4145 1419 4215 Gi

196 4235 342 4287 catenali
357 4235 361 4298 1
377 4233 488 4309 omnino
507 4235 591 4303 stell]
611 4240 650 4289 alr
664 4238 697 4304 B,
716 4239 749 4290 st.
765 4254 788 4290 o.
809 4240 890 4289 ceteri
904 4239 909 4302 Ι
929 4237 959 4289 12
978 4254 1032 4304 sqq.
1048 4255 1097 4291 om.
1112 4239 1181 4306 Hpq.
1199 4238 1203 4301 1
1226 4235 1301 4301 12113
1313 4256 1343 4280 =
1359 4238 1421 4289 Cic.

195 4325 289 4377 Aret.
308 4343 334 4376 a.
356 4324 406 4378 167
425 4342 471 4393 sq„
492 4344 517 4378 a.
537 4344 595 4393 cap.
615 4324 711 4393 1153

283 4412 333 4466 21.
357 4413 548 4482 1-5·=Hy9.
572 4413 599 4466 ΙΙ
622 4413 657 4467 39
682 4416 686 4478 Ι
715 4415 728 4466 1
754 4414 789 4467 ad
814 4413 893 4482 hanc]
921 4413 952 4467 in
978 4415 1031 4469 hac
1054 4417 1123 4483 Hyp.
1153 4412 1157 4482 Ι
1187 4413 1338 4482 plurimum
1362 4418 1387 4468 B
1416 4415 1419 4483 Ι

195 4500 234 4554 dii
249 4503 280 4554 X
292 4502 297 4566 Ι
313 4501 478 4556 estimantur
490 4504 532 4569 ΡΙ
548 4501 711 4557 sacrificasse
725 4502 762 4570 et]
778 4522 855 4558 sacra
869 4506 897 4558 ct
911 4503 1027 4570 (sacram
1046 4503 1154 4571 D¹PlX
1166 4506 1170 4569 l
1186 4505 1202 4557 2
1217 4506 1331 4572 tytanas
1346 4507 1400 4558 PU
1416 4503 1418 4569 l

195 4606 335 4659 opugnare
353 4593 379 4644 P
400 4588 404 4659 Ι
429 4592 446 4644 3
464 4591 582 4661 ciclopes
601 4594 626 4644 Β
650 4593 654 4657 Ι
680 4609 766 4660 eaque
787 4595 812 4645 G
