3254 5040
786 322 829 392 62

195 521 245 602 (cf.
261 522 388 606 epitom.
413 527 444 586 et
462 520 560 587 11111.
576 519 689 607 Sang.)
713 521 873 606 receperit
887 520 1046 606 Hyginus,
1071 519 1104 584 in
1127 518 1222 586 tertio
1246 525 1279 584 et
1302 523 1420 602 quarto

195 628 308 694 eodem
323 629 459 713 nomine,
483 648 545 711 quo
560 648 581 692 a
596 627 756 712 Cicerone,
780 628 964 713 appellatur
978 629 1105 709 Pistria,
1122 647 1194 692 cum
1209 625 1423 691 Germanicus

194 735 288 801 huius
312 736 402 801 uocis
430 735 558 818 integra
581 734 684 799 forma
708 754 828 818 graeca
851 740 961 800 utatur
978 734 1130 819 pristic⁶).
1177 732 1244 798 alia
1266 732 1424 797 nonnulla

194 849 229 907 ut
251 842 377 908 ineerta
399 841 485 906 malo
510 841 667 906 omittere.

284 949 375 1014 Haec
399 948 551 1014 carminis
567 946 709 1012 Tulliani
733 947 765 1010 in
780 947 910 1031 Hygino
934 946 1076 1031 uestigia
1100 946 1181 1013 satis
1206 945 1324 1029 exigua
1347 964 1424 1011 esse

195 1053 346 1121 concedo.
400 1054 459 1120 sed
491 1060 743 1120 consentaneum
776 1060 826 1119 est
857 1054 962 1119 minus
996 1074 1068 1120 eum
1105 1052 1289 1138 respexisse
1325 1050 1423 1117 inter·

194 1168 332 1247 pretem,
362 1181 434 1226 eum
464 1161 567 1246 ipsius
595 1160 736 1226 auctoris
765 1160 874 1244 graeci
903 1160 1053 1226 eximiam
1080 1159 1228 1225 habuerit
1255 1158 1424 1224 rationem.
1454 1145 1458 1151 ’

195 1268 230 1333 id
253 1288 329 1333 uero
353 1268 430 1333 licet
454 1274 597 1334 statuere
620 1267 784 1353 Hyginum
808 1288 849 1334 ex
871 1288 1003 1333 numero
1028 1286 1138 1332 eorum
1162 1267 1216 1350 qui
1230 1266 1365 1331 Aratum
1388 1265 1425 1329 in

195 1375 340 1458 linguam
371 1375 506 1439 latinam
537 1374 769 1440 transtulerant
797 1375 928 1458 dignum
956 1374 1008 1438 cui
1037 1393 1168 1459 operam
1198 1371 1291 1439 daret
1318 1372 1424 1439 solum

195 1481 351 1548 habuisse
379 1481 573 1547 Ciceronem.
619 1481 724 1567 potuit
756 1481 855 1564 igitur
886 1480 969 1566 fieri,
1001 1487 1037 1546 ut
1067 1480 1265 1546 astronomia
1291 1478 1424 1564 Hygini,

196 1588 287 1654 cuius
325 1587 561 1671 ‘genealogiam
598 1589 745 1654 omnibus
782 1588 900 1652 notam'
938 1588 1004 1652 iam
1039 1587 1132 1652 initio
1176 1587 1262 1653 tertii
1300 1584 1425 1653 saeculi

196 1694 372 1779 magistelli
397 1715 549 1778 graecam
575 1695 720 1777 linguam
743 1714 861 1779 pueros
891 1693 1044 1759 docentes
1072 1714 1190 1777 graece
1212 1692 1425 1777 1111111111),

195 1801 272 1866 1111
300 1801 503 1887 potissimum
532 1800 666 1865 carmini
695 1800 916 1866 commentarii
938 1801 972 1865 in
995 1800 1124 1866 modum
1148 1798 1423 1884 adiungerem⁸)‚

198 1908 327 1992 qualern
350 1907 513 1973 nonnullis
537 1906 677 1972 saeculis
701 1913 775 1992 post
798 1927 871 1972 earn
893 1906 1015 1990 legisse
1039 1907 1242 1993 suspicamur
1254 1905 1425 1972 Isidorum.

286 2031 369 2097 Huic
400 2051 476 2097 uero
509 2036 611 2096 totum
642 2030 765 2116 Hygini
796 2029 921 2116 librum,
956 2051 1028 2096 eam
1060 2031 1190 2115 quidem
1223 2051 1306 2115 quae
1339 2049 1426 2096 uunc

198 2144 346 2223 superest
367 2144 502 2223 partem,
529 2158 593 2203 non
617 2137 755 2204 frustula
778 2137 847 2205 eius
870 2138 1025 2204 nonnulla
1053 2137 1097 2202 ad
1120 2159 1234 2204 111111
1257 2138 1359 2204 111111
1382 2137 1426 2203 111

198 2264 278 2328 quos
307 2265 347 2310 ex
364 2265 414 2311 eo
443 2245 605 2330 excerpsit
632 2245 712 2311 locis
741 2245 822 2312 satis
855 2244 1101 2314 demonstratur.
1149 2267 1230 2330 quos
1259 2266 1330 2311 cum
1358 2264 1427 2309 non

198 2372 308 2418 omnes
333 2352 533 2435 congesserit
557 2351 721 2418 Gustauus
743 2352 880 2432 Becker,
904 2372 1096 2438 percensere
1119 2351 1226 2419 liceat.

286 2458 435 2524 Laudato
459 2458 582 2544 Hygini
605 2458 733 2524 nomine
757 2479 828 2524 eum
854 2459 1022 2525 exscribit:

287 2585 313 2630 c.
342 2569 382 2632 19
406 2565 448 2632 de
470 2565 567 2631 lunae
591 2586 694 2651 cursu,
717 2586 794 2651 pag.
816 2568 1033 2652 earo-loa
1057 2566 1107 2646 ed.
1130 2566 1256 2633 Becker
1284 2596 1319 2621 =
1345 2587 1424 2652 pag.

200 2674 473 2757 nuduli-13
498 2672 548 2740 ed.
573 2674 686 2740 Bunte.

287 2799 315 2847 c.
348 2782 391 2847 48
426 2780 466 2846 de
493 2779 642 2866 partibus
672 2786 788 2860 terrae,
821 2801 852 2864 1.
887 2782 1101 2865 18,14-19,8
1131 2800 1224 2865 ==p.
1249 2781 1424 2866 aul-15.

198 2887 228 2952 1.
251 2887 272 2951 l.
297 2906 369 2952 cum
393 2887 491 2952 etiarn
515 2907 556 2952 ea
579 2907 663 2970 quae
685 2887 835 2972 Hyginus
858 2887 932 2952 huic
957 2887 1058 2972 capiti
1081 2886 1233 2971 praefixit
1247 2887 1357 2961 ,11111
1381 2925 1426 2936 -

199 2998 405 3079 exponemus'
439 2994 483 3060 ad
515 2995 649 3061 uerbum
681 2994 890 3078 exscripserit
927 2993 1026 3077 (quod
1057 2994 1223 3060 Beckerus
1255 2992 1425 3082 neglexit),

198 3107 265 3166 tum
293 3099 420 3166 demum
448 3121 564 3166 nomen
593 3101 661 3166 eius
691 3099 796 3166 adfert
824 3099 882 3184 (‘ut
909 3105 1046 3166 testatur
1068 3101 1250 3187 Hyginus'),
1278 3121 1351 3167 cum
1380 3100 1426 3166 ad

199 3208 304 3292 ipsam
330 3208 399 3274 eius
424 3207 464 3274 de
479 3209 581 3274 Terra
604 3207 856 3292 disputationem
879 3207 1036 3293 peruenit.
1071 3216 1207 3291 utroque
1230 3214 1337 3275 autem
1351 3208 1425 3274 loco

199 3313 321 3399 pariter
353 3321 450 3398 atque
484 3335 522 3380 eo
557 3335 578 3380 1
610 3334 672 3398 quo
705 3312 842 3398 profecti
876 3334 986 3380 sumus
1018 3314 1109 3380 initio
1142 3334 1274 3400 prorsus
1302 3314 1425 3400 Hygini

181 3421 341 3505 uestigia
369 3422 493 3507 premit,
524 3423 582 3488 sub
611 3420 707 3486 finem
736 3428 768 3487 et
797 3421 972 3487 omittendo
1001 3429 1033 3488 et
1060 3421 1214 3487 mutando
1242 3422 1353 3508 paullo
1382 3423 1425 3489 ab

200 3549 239 3594 eo
271 3528 402 3595 recedit.
448 3535 556 3596 tamen
588 3529 621 3593 in
654 3549 724 3614 111.
761 3532 801 3596 11
834 3528 935 3594 ‘Arati
968 3535 1000 3595 et
1030 3529 1160 3614 Hygini'
1198 3530 1426 3595 auctoritatem
1527 3551 1530 3554 ⁴

200 3635 305 3701 denuo
330 3636 467 3720 (putant
489 3635 576 3702 idem
598 3635 805 3721 philosophi)
829 3637 969 3704 inuocat.

289 3743 465 3809 Praeterea
496 3743 559 3809 huc
593 3743 753 3828 pertinent
787 3742 849 3808 duo
882 3743 959 3828 loci,
996 3743 1113 3827 quibus
1150 3762 1223 3808 cum
1254 3743 1423 3828 ‘antiquos'

200 3847 313 3916 laudet
337 3849 390 3932 (cl.
414 3870 441 3917 c.
470 3855 507 3917 11
534 3849 653 3916 ‘dicunt
676 3850 852 3936 antipatri.
879 3857 911 3916 11
933 3850 995 3928 Η.)
1019 3850 1184 3936 Hyginum
1207 3851 1365 3934 sequitur:

290 4080 312 4150 ⁶)
335 4083 375 4137 De
398 4083 502 4152 duplici
524 4084 606 4138 huius
629 4083 703 4138 uocis
726 4083 814 4138 forma
840 4083 928 4151 deque
950 4081 1062 4137 notione
1091 4082 1149 4137 eius
1171 4101 1198 4137 u.
1222 4083 1251 4136 F.
1277 4082 1307 4136 0.
1332 4081 1425 4136 Weise

200 4171 252 4226 Die
270 4171 372 4242 grieeh.
391 4172 504 4226 Wbrter
522 4173 561 4226 im
579 4172 677 4227 Latein
696 4191 741 4241 pp.
762 4174 803 4226 rl.
823 4171 904 4240 (114.)
923 4172 984 4226 494.

293 4259 314 4326 ⁷)
333 4261 365 4315 cf.
385 4262 511 4316 Dosithei
532 4262 660 4331 Magistri
684 4261 764 4315 illum
787 4262 877 4316 locum
900 4262 996 4315 1207
1020 4279 1046 4330 p.
1066 4260 1095 4316 O.
1119 4261 1258 4330 scriptum,
1281 4260 1424 4328 interpret.

201 4352 249 4406 lib.
268 4351 309 4404 III
328 4350 369 4403 ed.
389 4351 514 4420 Bboking
532 4370 557 4420 p.
579 4353 611 4404 65
631 4350 747 4420 (Hygini
765 4351 820 4404 fab.
840 4350 881 4405 ed.
901 4351 937 4404 M.
957 4350 1082 4405 Schmidt
1100 4368 1127 4418 p.
1147 4350 1216 4404 LIV.
1253 4349 1357 4403 Teuffel
1368 4350 1387 4403 l.
1402 4369 1424 4405 c.

202 4440 300 4506 abab).
432 4462 436 4467 ·

247 4574 252 4584 .
296 4527 320 4597 8)
343 4528 436 4597 Ipsum
460 4528 602 4598 Hyginum
630 4527 857 4583 commentarium
880 4528 976 4582 Aratei
1004 4526 1133 4582 carminis
1157 4528 1272 4582 scribere
1294 4528 1347 4583 sibi
1369 4545 1426 4583 non

202 4617 373 4687 proposuisse
391 4634 424 4672 ex
442 4617 506 4672 libri
525 4618 583 4672 eius
601 4617 773 4687 praefatione
790 4617 971 4687 intellegitur.
