3254 5040
790 327 834 394 45

196 529 273 607 post
301 522 502 587 enuntiatum
535 520 616 586 illud
643 522 828 606 relatiuum,
861 521 951 587 cuius
984 522 1121 586 alteram
1150 528 1276 605 partem
1303 523 1430 607 primus

200 629 229 694 ei
253 629 404 706 restituit,
428 628 480 695 bis
504 629 611 693 uerbis
635 628 763 694 initium
786 628 943 695 enuntiati
967 628 1160 712 repetiuisse
1184 629 1324 694 censuit:
1348 632 1432 696 tunc

197 737 291 817 mitur
334 743 448 817 nepunt
491 743 632 819 oportere
675 754 741 818 eqs.
788 734 847 800 sed
893 734 944 800 bis
990 735 1099 800 uerbis
1144 734 1275 801 insertis
1321 736 1428 803 locum

200 847 350 906 sanatum
381 861 453 907 esse
485 861 584 925 nego,
620 844 772 926 quoniam
804 861 846 906 ne
882 841 1008 907 scholia
1044 841 1248 906 Basilcensia
1285 842 1429 928 quidem,

200 967 283 1030 quae
315 948 415 1014 uerba
447 968 531 1031 quae
567 948 767 1033 praecedunt
798 948 832 1012 in
862 952 898 1012 X
932 947 1103 1032 deperdita
1134 948 1262 1030 integra
1299 969 1426 1015 conser-

198 1060 364 1138 uaucrunt,
392 1053 506 1119 borum
534 1075 618 1138 quae
645 1075 710 1120 una
738 1075 810 1119 cum
838 1054 880 1120 iis
908 1053 1113 1120 intercidisse
1135 1055 1169 1118 in
1192 1057 1228 1118 X
1247 1054 1430 1123 Bursianus

197 1160 290 1243 fingit
317 1160 416 1225 ullum
445 1163 602 1245 praebent
628 1161 811 1246 uestigium,
840 1161 958 1225 nedum
987 1160 1091 1225 codex
1115 1163 1140 1224 A
1164 1161 1220 1226 ille
1243 1161 1432 1228 lacunosus.

196 1266 250 1332 bic
273 1286 351 1333 uero
377 1266 482 1332 codex
504 1275 579 1352 post
602 1269 762 1352 lacunam,
791 1288 856 1351 qua
871 1272 979 1350 fipcrc
1001 1270 1135 1332 dicemus
1157 1267 1364 1334 intercidisse
1387 1288 1431 1333 ex

198 1374 273 1439 Bas.
297 1375 412 1457 elucet,
436 1394 495 1459 pro
511 1396 549 1441 eo
564 1375 650 1458 quod
663 1379 699 1440 X
712 1381 745 1440 et
758 1375 835 1440 Bas.
860 1374 981 1440 babent
1004 1382 1144 1458 oportere
1167 1375 1312 1439 seruauit
1326 1376 1426 1440 uerba

198 1502 261 1546 ooo
283 1483 401 1546 debere.
445 1488 477 1546 et
500 1483 632 1547 uerbum
655 1481 787 1565 quidem
809 1483 916 1546 debere
939 1481 1056 1545 iniuria
1079 1501 1137 1565 pro
1161 1490 1299 1565 oportere
1322 1482 1427 1567 inrep-

201 1587 283 1654 sisse
311 1587 454 1653 concedo
488 1586 642 1674 (fortasse
669 1608 728 1672 per
756 1586 967 1653 scholiastam
1001 1607 1073 1651 cum
1107 1588 1287 1653 breuiorem
1314 1589 1430 1654 mallet

200 1693 364 1778 scribere),
388 1694 447 1760 sed
462 1694 622 1780 particula
645 1716 708 1760 ooo
731 1701 806 1759 ante
830 1702 969 1779 oportere
991 1693 1115 1759 inserta
1138 1695 1299 1759 sententia
1318 1695 1350 1758 in
1365 1694 1427 1761 boc

199 1800 357 1885 scriptore
381 1821 502 1884 graeca
526 1801 666 1885 exempli
690 1800 776 1883 quod
800 1801 996 1883 sequebatur
1023 1800 1135 1884 lingna
1158 1801 1312 1885 inplicato
1336 1802 1433 1868 resti·

197 1913 268 1972 tuta
291 1907 429 1974 uidetur.

224 2086 231 2091 ·
288 2067 440 2134 Ceterum
468 2088 531 2132 unc
560 2067 621 2131 hoc
652 2067 725 2132 loeo
751 2105 789 2113 —
816 2066 844 2132 si
869 2086 909 2131 ex
937 2067 1009 2151 ipso
1039 2068 1067 2129 Y
1091 2065 1172 2131 illud
1199 2069 1307 2132 debere
1334 2066 1428 2132 fluxit

202 2211 241 2220 —
275 2174 408 2257 grauior
440 2172 624 2239 differentia
645 2173 805 2239 lectionis
836 2173 920 2238 inter
957 2175 983 2236 Y
1014 2181 1046 2239 et
1078 2173 1319 2257 interpolatoris
1353 2175 1427 2239 Bas.

200 2279 384 2365 exemplum
398 2279 581 2359 statuenda,
597 2279 738 2355 uidetur;
764 2299 848 2362 quae
871 2287 1042 2364 praeterea
1066 2280 1260 2364 discrepant,
1284 2266 1430 2345 librariis

199 2386 392 2453 scholiorum
416 2385 604 2453 adscribere
626 2406 691 2451 non
715 2385 836 2454 dubito.
885 2386 1074 2452 siccante
1099 2391 1249 2453 ruercore‘e
1274 2391 1359 2471 (up.
1372 2389 1428 2464 19)

199 2500 231 2558 et
252 2499 383 2577 etpost
409 2496 591 2559 untewlium
619 2493 750 2576 omissa,
779 2495 872 2562 ulica
886 2493 936 2559 bis
965 2513 1024 2578 pro
1052 2496 1139 2575 altos,
1169 2498 1212 2559 itu
1241 2514 1299 2577 pro
1329 2497 1433 2576 itaque

200 2603 243 2678 (u.
267 2601 309 2678 3).
355 2599 441 2665 adde
469 2598 556 2682 quod
585 2619 614 2664 ιι.
638 2602 658 2666 9
686 2603 717 2664 A
745 2598 829 2664 falso
858 2599 956 2664 babet
982 2604 1089 2664 uentre
1116 2620 1174 2684 pro
1203 2602 1322 2679 cenare,
1351 2602 1429 2664 ud

201 2706 392 2789 [dinoscerent
413 2725 472 2790 pro
493 2706 690 2789 fiooeeantl]
722 2708 764 2770 cd
785 2708 880 2789 pedes
900 2710 1086 2790 sapientae,
1116 2706 1180 2788 ubi,
1204 2726 1275 2769 eum
1299 2707 1335 2768 X
1354 2712 1429 2788 post

196 2815 294 2896 pedes
320 2811 440 2877 babeat
467 2815 542 2894 aus,
576 2812 697 2877 rectius
730 2811 870 2877 fortasse
897 2813 930 2876 in
958 2817 989 2877 A
1019 2832 1060 2877 ex
1088 2811 1221 2877 scholiis
1248 2812 1324 2876 Eas.
1352 2819 1432 2877 ante

201 2918 283 2983 baec
306 2919 406 2983 uerba
429 2918 634 2984 inserendum
659 2925 709 2984 est
732 2922 768 2983 ei.
788 2955 824 2963 -
843 2917 967 2982 scholia
981 2918 1056 2983 Bas.
1080 2939 1137 3003 pro
1161 2927 1189 2982 et
1204 2927 1264 2983 tum
1283 2940 1430 3001 mupoum

201 3028 246 3102 (ιι.
271 3028 302 3105 7)
333 3024 454 3090 habent
482 3033 604 3113 turaque
631 3048 683 3106 m„
713 3045 742 3090 u.
770 3027 790 3090 5
824 3027 928 3108 lepore
957 3047 1073 3106 ¹uenero
1101 3045 1159 3109 pro
1188 3033 1287 3090 cetero
1316 3047 1432 3106 penore

199 3129 408 3210 (Stroznianis
435 3138 522 3197 totus
549 3131 603 3196 hic
634 3131 726 3197 locus
758 3129 874 3217 deest),
906 3140 1079 3216 praeterea
1109 3131 1274 3197 intercidit
1303 3154 1368 3197 esse
1396 3140 1430 3198 et

193 3246 321 3322 pareret
347 3241 425 3303 elios
452 3258 511 3322 per
538 3258 679 3303 errorem
708 3238 882 3303 oculorum.
932 3237 1072 3321 denique
1099 3259 1129 3303 u.
1153 3241 1174 3304 2
1202 3258 1259 3322 pro
1289 3239 1431 3320 genuina

204 3343 327 3409 codicis
350 3347 385 3409 X
405 3343 545 3409 lectione
568 3367 641 3409 oum
664 3367 732 3409 orm
754 3353 789 3409 ut
811 3347 968 3428 oportebat
987 3349 1018 3410 A
1042 3344 1139 3410 babet
1161 3366 1291 3428 oourque
1315 3353 1348 3409 ut
1370 3367 1431 3429 ep,

200 3451 234 3515 in
258 3451 359 3518 schol.
381 3451 458 3516 Bas.
481 3457 514 3515 et
538 3451 658 3518 Strozz.
683 3451 777 3516 deest
798 3459 841 3515 ut.

289 3593 441 3657 Proxima
464 3593 565 3675 igitur
587 3593 772 3659 intercessit
796 3594 947 3674 cognatio
971 3593 1055 3656 inter
1073 3594 1102 3655 Y
1122 3600 1155 3656 et
1178 3612 1250 3656 eum
1274 3593 1434 3677 codicem,

201 3719 264 3784 quo
288 3698 501 3783 interpolator
516 3699 593 3766 Bas.
618 3719 696 3765 usus
720 3707 779 3765 est.
824 3698 908 3763 haec
931 3705 1040 3763 autem
1063 3697 1185 3781 Hygini
1208 3700 1365 3764 memoria
1388 3702 1432 3765 ab

198 3809 235 3871 X
245 3805 363 3888 aliena,
387 3805 448 3869 etsi
470 3824 676 3888 nequaquam
701 3806 829 3888 integra
851 3805 913 3870 fuit
927 3804 1143 3888 (animalium),
1167 3812 1276 3870 tanrfflr
1290 3813 1437 3889 quantae

202 3913 245 3980 sit
277 3911 497 3994 auctoritatis,
530 3912 629 3976 etiarn
661 3913 696 3977 in
726 3912 852 3995 reliqua
880 3911 1058 3996 Hyginiani
1086 3911 1127 3977 de
1155 3912 1282 3997 Lepore
1313 3912 1434 3997 capitis

199 4026 294 4105 parte
322 4037 420 4101 quarn
449 4016 575 4082 scholia
597 4019 775 4084 Harleiana
805 4039 869 4083 non
896 4018 1025 4103 habent,
1053 4039 1094 4083 ex
1116 4019 1361 4085 Basileensibus
1384 4020 1433 4083 in·

201 4125 376 4209 tellegitur.

290 4267 345 4332 Sic
373 4287 405 4351 p.
435 4268 486 4349 7‘2,
504 4269 567 4332 1AE
595 4268 723 4352 Hygino
755 4288 795 4333 ex
822 4269 898 4332 Eas.
926 4267 1008 4332 baec
1037 4266 1238 4333 restituenda
1268 4274 1356 4331 sunt:
1387 4265 1432 4331 ‘et

201 4374 246 4439 ad
269 4375 340 4440 eius
364 4380 492 4457 parturn
514 4375 741 4457 ‹liliportieeime
763 4397 840 4459 quoe
863 4397 939 4458 opus
962 4383 1061 4439 essent
1084 4372 1348 4454 administrasse,
1376 4372 1432 4437 ubi

203 4482 304 4548 uerba
332 4480 470 4546 cursiuis
498 4481 613 4546 litteris
642 4501 799 4566 expressa
826 4481 942 4546 iniuria
971 4482 1005 4545 in
1033 4484 1070 4544 X
1099 4477 1303 4544 intercidisse
1333 4478 1432 4544 etiam

200 4608 240 4653 eo
272 4587 502 4672 conprobatur,
534 4586 621 4669 quod
649 4588 683 4651 in
715 4586 829 4653 eodem
861 4595 993 4653 seruata
1021 4593 1071 4653 est
1099 4583 1260 4671 particula
1287 4587 1329 4650 od
1356 4591 1438 4651 ente
