3254 5040
795 316 838 379 oo

292 509 382 575 llaec
406 509 433 575 si
457 509 505 574 ita
529 515 610 593 sunt,
634 509 729 576 huius
752 507 898 594 primarii
921 507 1044 574 codicis
1067 507 1292 594 apographum
1315 509 1426 592 quinto

205 618 272 683 fere
305 616 435 682 saeculo
468 616 623 701 scriptum
652 623 683 681 et
705 622 822 702 postea
853 621 1017 700 repertum
1043 615 1137 681 homo
1165 615 1319 700 antiquae
1348 616 1428 684 artis

204 724 328 809 peritus
356 723 499 788 imitatus
528 728 591 789 est:
622 724 709 788 circa
737 743 857 788 annum
879 724 953 806 900,
982 721 1010 787 si
1039 721 1146 807 ipsum
1168 723 1198 786 A
1225 723 1330 788 abeo
1354 743 1427 788 con·

205 832 323 897 fectum
350 850 423 897 esse
451 830 628 896 statuimus,
675 829 733 896 sed
761 850 833 895 cum
861 828 1005 895 codicem
1036 829 1069 914 Ο,
1098 850 1192 913 quem
1221 851 1242 895 a
1269 828 1428 895 communi

207 937 351 1023 exemplo
376 937 489 1002 cumA
504 942 608 1002 ortum
624 958 696 1003 esse
712 935 1005 1002 demonstrauimus
1020 941 1063 1014 (u.
1080 958 1111 1021 p.
1128 938 1194 1021 36),
1216 937 1427 1002 recentiorem

205 1065 278 1112 esse
310 1064 406 1128 quam
430 1047 458 1109 A
485 1044 556 1109 ueri
583 1043 688 1110 simile
716 1043 759 1109 sit
780 1081 825 1090 —
846 1062 922 1108 nam
955 1042 1112 1126 singulari
1144 1041 1203 1108 illa
1234 1042 1427 1111 difficultate

204 1152 361 1234 imagines
389 1150 506 1218 litteris
528 1149 692 1236 inscriptis
721 1150 898 1216 exornandi
926 1152 1077 1234 neglecta
1105 1149 1230 1218 scholia
1254 1157 1345 1217 extra
1369 1172 1426 1219 eas

203 1256 369 1342 adscripta
392 1264 466 1323 sunt
489 1256 646 1345 (ceterum
667 1279 698 1324 u.
717 1257 859 1343 epimetr.
879 1259 938 1325 sub
958 1257 994 1340 f.)
1015 1295 1062 1343 —‚
1086 1258 1141 1323 uix
1163 1258 1241 1325 licet
1264 1259 1425 1345 suspicari

202 1385 274 1430 eum
302 1386 343 1430 ex
371 1364 485 1431 eodem
511 1365 568 1431 illo
596 1365 698 1449 quinti
726 1364 848 1431 saeculi
882 1365 994 1431 codice
1022 1364 1219 1451 descriptum
1247 1386 1333 1451 esse,
1368 1365 1427 1432 sed

200 1472 310 1557 potius
339 1492 380 1537 ex
402 1472 467 1537 alio
496 1472 566 1538 eius
594 1472 792 1558 apographo.
838 1492 943 1556 neque
971 1471 1147 1556 quidquam
1176 1474 1292 1558 obstat,
1319 1494 1361 1539 ne
1384 1475 1426 1539 ab

201 1579 257 1643 illo
280 1579 417 1664 homine,
442 1580 496 1663 qui
520 1579 686 1663 antiquum
709 1579 790 1645 illud
815 1580 981 1664 exemplar
1003 1579 1135 1664 inuenit,
1164 1577 1328 1645 conditum
1352 1600 1425 1647 esse

202 1685 347 1752 codicem
374 1692 532 1771 putemus,
560 1707 582 1751 a
609 1707 671 1770 quo
701 1693 834 1771 uterque
862 1693 972 1752 noster
1000 1686 1155 1770 originem
1183 1686 1319 1752 duxerit.
1365 1687 1426 1753 hoc

201 1793 230 1859 si
255 1793 428 1877 malumus,
460 1813 544 1858 nono
573 1793 703 1860 saeculo
732 1794 785 1860 uel
812 1793 903 1860 initio
932 1793 1000 1860 fere
1031 1794 1108 1860 noni
1140 1793 1263 1860 saeculi
1290 1814 1363 1860 eum
1390 1793 1425 1859 id

201 1900 320 1967 fecisse
344 1900 588 1985 suspicabimur.

289 2042 373 2109 Huic
396 2033 504 2109 autem
527 2044 628 2110 aetati
652 2051 718 2108 tam
742 2044 906 2127 singulare
930 2065 1033 2128 genus
1056 2045 1137 2110 artis
1160 2045 1315 2128 antiquae
1333 2065 1425 2111 reno-

202 2157 311 2216 uatum
339 2150 408 2215 iure
436 2151 674 2216 attribuendum
701 2150 842 2234 uidetur,
870 2172 935 2235 qua
963 2150 1166 2235 antiquitatis
1195 2150 1305 2217 studia
1332 2173 1424 2218 rena·

202 2258 325 2324 scentia
353 2264 507 2342 quantum
529 2258 563 2323 in
587 2258 753 2324 codicibus
780 2258 914 2343 picturis
941 2258 1165 2343 pulcherrimis
1192 2258 1424 2325 inluminandis

201 2364 366 2431 effecerint
380 2371 488 2431 notum
512 2365 619 2447 est¹⁸).
656 2385 762 2450 neque
784 2367 826 2430 ah
851 2365 997 2431 eiusdem
1020 2366 1139 2432 aetatis
1162 2386 1223 2431 usu
1242 2372 1299 2430 aut
1317 2365 1424 2432 studio

200 2473 323 2539 afuisse
354 2473 436 2538 talia
467 2472 618 2558 artificia,
650 2479 686 2565 ut
718 2473 877 2556 imagines
907 2480 939 2538 et
966 2474 1067 2538 uerba
1100 2479 1234 2538 exarata
1261 2473 1295 2538 in
1327 2493 1425 2538 unum

200 2579 377 2665 conposita,
406 2581 548 2645 carmina
571 2579 713 2663 figurata
737 2579 959 2645 demonstrant
982 2566 1058 2645 cum
1076 2578 1206 2645 Alcuini
1228 2580 1424 2646 Uenantium

199 2687 410 2752 Fortunatum
433 2687 559 2770 imitati,
583 2694 649 2752 tum
663 2687 809 2752 Hrabani
823 2686 937 2770 Mauri,
961 2687 1016 2770 qui
1040 2686 1210 2752 Alcuinum
1232 2687 1424 2770 magistrum

201 2794 298 2860 etiam
311 2792 373 2859 hac
388 2794 422 2859 in
437 2814 471 2859 re
491 2800 620 2859 secutus
644 2792 694 2859 ‘de
718 2793 868 2859 laudibus
894 2799 1027 2860 sanctae
1051 2793 1163 2859 crucis’
1187 2814 1302 2860 uersus
1318 2795 1424 2860 crucis

199 2901 233 2965 in
260 2899 380 2968 formas
412 2901 522 2967 uarias
554 2900 821 2966 artificiosissime
850 2907 981 2967 coactos
1009 2900 1054 2966 ad
1082 2900 1252 2986 Optatiani
1279 2900 1424 2987 Porfyrii

199 3009 375 3074 carminum
408 3008 588 3093 exemplum
620 3007 771 3090 finxitw).
827 3008 966 3092 denique
998 3007 1083 3092 quod
1122 3008 1424 3075 astronomicum

199 3136 327 3182 carmen
350 3123 417 3181 tam
441 3114 611 3200 splendide
635 3122 824 3181 exornatum
848 3122 905 3200 est,
929 3123 962 3181 et
984 3116 1091 3201 ipsum
1113 3116 1148 3180 in
1170 3116 1262 3181 illam
1281 3123 1423 3195 aetatem

199 3223 315 3289 eximie
352 3223 498 3307 quadrat.
556 3244 632 3289 nam
674 3244 745 3289 cum
787 3223 897 3307 aliqua
941 3223 1130 3289 caelestium
1165 3244 1272 3288 rerum
1307 3223 1424 3289 notitia

199 3369 240 3378 -
266 3330 306 3396 de
330 3331 408 3397 solis
432 3337 464 3395 et
486 3331 583 3396 lunae
607 3351 710 3415 cursu,
734 3330 776 3396 de
798 3330 943 3396 bissexto
968 3336 1000 3395 et
1023 3329 1182 3395 similibus
1206 3331 1359 3397 rebus-
1379 3330 1422 3395 ad

198 3437 401 3503 statuendum
426 3437 636 3523 ‘computum’‚
660 3437 714 3520 qui
737 3457 778 3502 ne
801 3437 1043 3523 perturbaretur
1067 3434 1111 3500 ad
1126 3435 1310 3502 cotidianae
1333 3437 1422 3504 uitae

198 3551 230 3611 et
257 3545 406 3630 priuatae
434 3551 465 3609 et
491 3545 642 3630 publicae
670 3564 764 3610 usum
794 3544 966 3628 plurimum
998 3543 1198 3629 conferebat,
1232 3550 1264 3610 et
1296 3545 1423 3630 cyclum

196 3651 386 3737 paschalem
411 3651 598 3717 necessaria
627 3657 725 3736 esset,
757 3650 816 3715 illa
844 3657 967 3736 aetate,
1000 3671 1064 3734 qua
1092 3651 1210 3716 artium
1240 3650 1422 3717 liberalium

197 3758 306 3825 studia
337 3779 421 3824 nouo
458 3760 598 3843 quodam
629 3759 742 3843 uigore
774 3757 1013 3837 reficiebantur,
1051 3765 1180 3844 praeter
1215 3758 1303 3823 triuii
1334 3766 1421 3826 artes

197 3867 414 3933 astronomiae
441 3867 644 3952 potissimum
672 3867 878 3952 disciplinam
909 3867 1054 3933 ualuisse
1086 3873 1337 3933 consentaneum
1364 3874 1422 3953 est,

196 3973 346 4058 idemque
374 3975 475 4040 multa
502 3974 643 4056 uestigia
670 3973 824 4042 indicant.
870 3972 983 4038 horum
1008 3973 1179 4039 carolinae
1208 3974 1329 4040 aetatis
1358 3980 1421 4040 stu-

197 4080 322 4148 diorum
345 4082 523 4168 specimina
545 4081 699 4145 nonnulla
721 4100 786 4145 non
808 4079 926 4145 iniuria
949 4079 1070 4146 addere
1092 4080 1171 4145 mihi
1194 4079 1317 4148 uideor.

289 4418 324 4486 ¹⁸)
344 4421 531 4475 Wattenbach
550 4420 744 4475 Schriftwesen
761 4420 780 4476 i.
799 4421 862 4475 MA.
881 4420 922 4476 ed
942 4421 959 4474 2
977 4438 1003 4490 p.
1023 4421 1075 4474 297
1094 4437 1154 4488 Sqq·

287 4526 323 4594 ¹⁹)
344 4528 374 4581 Α
394 4529 478 4582 Ebert
500 4528 621 4597 Allgem.
642 4528 802 4598 Littgesch.
821 4529 846 4582 d.
866 4529 928 4583 MA.
947 4528 975 4582 Π
993 4547 1038 4598 pp.
1060 4529 1118 4584 142.
1130 4527 1235 4582 anati
1259 4527 1322 4580 adn.
1341 4528 1366 4582 4.
1386 4555 1419 4565 -

195 4617 309 4671 Publilii
328 4617 475 4688 Optatiani
497 4617 615 4687 Porfyrii
638 4618 762 4672 carmina
785 4636 837 4672 rec.
861 4618 924 4672 Luc.
943 4618 1044 4672 Mliller
1061 4616 1143 4687 (Lips.
1167 4615 1244 4681 1877)
1263 4633 1309 4686 pp.
1327 4616 1375 4671 XI.
1394 4617 1420 4671 2.
