3254 5040
799 198 841 262 28

203 392 303 476 uauit,
326 392 515 457 instructum
539 390 637 456 etiam
660 391 857 474 imaginibus
880 389 981 457 fuisse
1004 398 1201 460 exornatum.
1243 412 1304 459 nec
1325 394 1432 458 minus

203 519 248 564 ex
266 498 336 564 eius
359 497 466 563 uerbis
491 496 596 563 clucet
616 497 742 564 scholia
765 497 874 581 aliquo
898 496 994 563 modo
1019 518 1090 563 oum
1111 498 1307 581 imaginibus
1330 499 1432 566 fuisse

202 606 385 688 coniuncta,
409 610 441 669 et
454 624 568 670 uersus
584 603 749 670 Ciceronis
773 604 896 688 pariter
918 624 976 689 per
1000 605 1146 688 singulas
1168 605 1309 689 paginas
1324 604 1432 672 distri·

203 714 299 779 hutos
326 717 359 776 et
386 731 466 777 suae
493 730 638 793 quosque
665 711 799 794 imagini
829 711 1014 778 subiunctos
1042 711 1144 778 fuisse
1170 717 1268 794 atque
1289 712 1324 777 in
1346 714 1376 777 A
1400 721 1433 780 et

201 821 274 887 cius
303 817 513 905 apographis.
559 839 637 883 nam
658 839 711 884 uu.
735 821 867 886 20-26
892 818 956 901 (ed.
978 817 1148 906 Ba‘hrens),
1177 819 1218 885 de
1241 820 1370 904 Perseo,
1399 827 1432 885 et

204 928 346 1011 55-58,
383 925 425 991 dc
454 925 607 1009 Aquario,
644 945 726 1009 quos
757 924 870 990 horum
907 925 1072 1009 signorum
1107 925 1241 992 scholiis
1274 925 1431 1011 Cyriacus

202 1032 369 1116 adiunxit,
419 1030 518 1097 iidem
563 1031 596 1096 in
632 1031 828 1099 Britannicis
874 1030 1040 1098 codicibus
1076 1032 1189 1098 Persei
1230 1040 1263 1099 et
1295 1033 1433 1116 Aquarii
1493 1069 1496 1076 ι

199 1138 399 1222 imaginibus
436 1137 609 1222 subscripti
645 1145 727 1204 sunt.
786 1138 921 1221 Aquarii
958 1145 1067 1205 autem
1102 1159 1217 1206 uersus
1254 1140 1287 1204 in
1322 1138 1430 1206 medio

201 1245 369 1312 enuntiato
398 1243 558 1328 desinunt,
590 1264 663 1309 cum
690 1245 863 1327 insequens
890 1265 1004 1311 uersus
1033 1243 1104 1330 (ab)
1137 1245 1203 1311 iam
1231 1247 1290 1312 sub
1320 1245 1432 1330 Capri·

200 1373 310 1436 corno,
332 1351 366 1415 in
379 1370 455 1436 pag.
471 1370 537 1433 seq.
553 1371 650 1434 quam
664 1371 728 1415 non
742 1351 877 1417 curabat
892 1351 1057 1436 Cyriacus,
1080 1353 1251 1435 legeretur.
1290 1360 1432 1418 ceterum

201 1479 260 1524 cur
286 1456 330 1522 ad
361 1457 421 1523 has
454 1463 577 1521 tantum
609 1457 769 1541 imagines
801 1478 915 1523 uersus
948 1458 1160 1544 adscripserit
1188 1458 1353 1544 Cyriacus,
1386 1458 1431 1525 ad

200 1566 344 1650 reliquas
368 1564 450 1630 duas
474 1564 626 1648 omiserit,
654 1570 774 1630 certam
802 1584 936 1630 causam
963 1584 1027 1629 non
1055 1565 1161 1648 magis
1188 1565 1265 1632 licet
1292 1566 1430 1651 adferre,

198 1695 300 1759 quam
323 1692 379 1737 our
401 1671 484 1736 hacc
506 1671 711 1755 potissimum
734 1677 885 1754 quattuor
908 1670 1032 1736 scholia
1056 1671 1201 1754 elegerit.
1249 1693 1334 1756 quae
1357 1694 1430 1739 cum

199 1799 307 1864 neque
329 1777 374 1843 ad
397 1778 492 1861 signa
515 1776 670 1862 deinceps
694 1778 924 1860 subsequentia
946 1778 1129 1862 pertincant
1152 1786 1184 1844 et
1204 1778 1318 1846 ordine
1341 1779 1430 1865 apud
1460 1830 1464 1836 .

201 1907 279 1952 eum
302 1890 429 1950 exstent
457 1883 591 1948 carmini
614 1884 775 1949 contrario
798 1920 842 1931 -
865 1884 1046 1969 Delphinus
1071 1883 1149 1968 (13),
1185 1885 1347 1968 Aquarius
1371 1883 1429 1970 (8),

203 1993 343 2058 Perseus
372 1990 428 2076 (4),
460 1991 573 2057 Pisces
601 1987 659 2076 (3),
685 2029 724 2037 —
755 1989 892 2058 forsitan
920 1992 1097 2076 suspiceris
1126 2012 1199 2057 eum
1227 1993 1355 2058 euoluto
1384 1992 1429 2057 ad

199 2105 381 2164 extremum
411 2097 492 2162 libro
525 2112 597 2163 cum
629 2096 791 2180 quaedam
823 2097 923 2182 digna
956 2118 1040 2182 quae
1072 2100 1348 2185 perscriberentur
1374 2100 1429 2165 uel

200 2205 361 2290 imagines
385 2204 502 2271 ceteris
525 2204 719 2287 insigniores
743 2203 889 2290 uidisset,
912 2225 1022 2271 rursus
1045 2205 1162 2271 librum
1185 2226 1205 2271 a
1227 2205 1291 2272 fine
1314 2205 1360 2271 ad
1381 2207 1428 2271 in-

201 2315 294 2379 itium
321 2309 537 2396 percurrendo
565 2310 719 2375 nonnulla
743 2312 955 2395 excerpsisse.
1003 2311 1062 2378 sed
1084 2319 1156 2378 utut
1178 2311 1239 2378 hoc
1262 2333 1297 2378 se
1321 2311 1427 2396 habet,

198 2441 242 2488 ea
264 2419 352 2485 absit
375 2417 517 2502 suspicio
547 2417 676 2503 inipso
705 2416 818 2484 codice
846 2417 990 2484 defuisse
1018 2438 1102 2502 quae
1127 2418 1283 2503 Cyriacus
1311 2419 1427 2503 omisit,

197 2535 256 2593 aut
278 2526 426 2591 mutilum
450 2545 523 2589 eum
546 2523 656 2608 fuisse,
685 2544 757 2589 cum
781 2524 897 2608 uiginti
921 2525 1060 2608 quinque
1088 2525 1264 2609 imaginum
1286 2526 1427 2610 priorem

196 2641 322 2699 tantum
344 2638 471 2717 partem
492 2631 681 2716 respexerit.

287 2777 337 2839 Ex
373 2774 433 2840 hoc
469 2774 569 2857 igitur
605 2773 717 2838 codice
751 2774 785 2838 in
822 2774 1007 2840 uniuersum
1033 2775 1291 2840 Britannicorum
1328 2773 1427 2840 simili

195 2889 351 2966 quattuor
386 2881 444 2944 illa
476 2879 603 2946 scholia
637 2879 793 2963 Cyriacus
831 2881 984 2946 seruauit.
1040 2900 1175 2963 quorum
1207 2881 1271 2945 tria
1301 2887 1425 2944 tantum

197 2988 386 3074 Hyginiana
417 2991 504 3070 sunt,
537 2991 685 3068 quartum
715 3006 778 3068 quo
810 2984 853 3051 de
882 2986 1044 3070 Delphino
1078 2987 1185 3069 agitur
1218 3007 1258 3052 ex
1293 2985 1425 3052 scholiis

196 3092 531 3178 Sangermanensibus
555 3091 779 3177 depromptum
802 3099 860 3178 est,
890 3093 1005 3176 quibus
1029 3092 1153 3160 codicis
1176 3096 1212 3157 K
1231 3092 1425 3159 scholiorum

193 3201 339 3267 maxima
369 3219 461 3285 pars,
492 3199 527 3263 in
557 3197 610 3264 his
642 3198 806 3284 Delphini,
838 3198 981 3265 debetur.
1028 3197 1069 3264 de
1100 3198 1162 3265 hoc
1194 3200 1227 3264 in
1259 3200 1423 3286 Epimetro

194 3306 421 3376 disserendum
445 3307 519 3388 erit3
542 3305 745 3390 reliquorum,
769 3326 853 3390 quac
867 3305 1056 3390 Hyginiana
1080 3314 1163 3392 sunt,
1187 3306 1260 3392 duo,
1283 3309 1423 3374 Perseus

193 3423 229 3483 et
251 3417 371 3499 Pisces,
399 3434 471 3479 cum
501 3411 615 3479 codice
637 3413 667 3476 A
691 3413 862 3498 conparari
885 3419 1031 3497 possunt,
1059 3413 1153 3478 tertio
1183 3413 1270 3498 quod
1291 3433 1424 3497 respon·

194 3522 274 3588 deat
305 3521 450 3588 scholion
482 3520 618 3605 Aquarii
649 3519 682 3584 in
709 3520 739 3583 A
770 3540 835 3585 una
866 3540 939 3585 cum
973 3518 1169 3604 Capricorno
1201 3518 1331 3604 excidit,
1362 3539 1423 3585 neo

192 3628 308 3695 codice
331 3631 366 3693 K
385 3626 532 3693 defectus
556 3626 730 3711 suppletur.
776 3627 850 3711 ipsa
872 3632 982 3692 autem
1006 3625 1132 3693 scholia
1155 3647 1227 3692 cum
1249 3627 1334 3692 infra
1357 3645 1423 3693 una

195 3756 270 3802 oum
283 3733 469 3800 Harleianis
493 3733 558 3800 sint
581 3731 800 3818 exprimenda,
822 3731 884 3798 hoc
907 3732 980 3798 loco
1004 3753 1088 3817 quae
1104 3732 1261 3820 Cyriacus
1285 3733 1422 3818 singulis

192 3842 372 3929 praemittit
394 3840 495 3906 uerba
518 3847 550 3906 et
573 3838 725 3906 carminis
747 3859 862 3906 uersus
885 3841 967 3907 satis
991 3845 1041 3907 est
1063 3839 1223 3927 proferre:

301 4088 434 4155 ARATI
457 4088 585 4154 LIBER
610 4085 849 4165 ANTIQVISS.
879 4088 1015 4155 SVPER
1037 4087 1249 4155 nnLPHINI
1271 4085 1419 4171 liguram.

533 4213 717 4297 Neptunum
740 4234 800 4297 eqo.
823 4235 855 4278 a.
879 4215 1031 4298 Epimctr.
1054 4215 1111 4279 aab
1126 4217 1188 4296 flu.

355 4357 436 4423 Item
458 4355 492 4422 in
515 4354 739 4439 antiquissimo
763 4354 855 4421 Arati
883 4355 964 4422 libro
988 4355 1032 4421 ad
1055 4352 1246 4421 Ganimedis
1273 4353 1419 4437 liguram

301 4464 339 4531 In
362 4462 515 4547 Aquario.
