3254 5040
785 252 827 318 38

284 443 338 508 Sic
352 443 443 508 initio
468 443 666 532 singulorum
687 444 880 511 scholiorum
896 445 1077 512 nominibus
1091 445 1281 531 praemissis
1296 443 1428 527 eadem,

194 570 278 633 quae
306 551 339 615 in
366 550 460 615 tertio
493 550 575 616 libro
608 550 696 636 apud
724 551 887 635 Hyginum
919 553 1106 618 necessario
1140 560 1277 635 exstant,
1309 551 1337 617 is
1365 551 1422 634 qui

196 656 320 723 scholia
348 657 526 741 conpilauit
553 677 617 722 non
644 678 718 722 raro
746 658 871 742 omittit,
905 679 932 724 e.
956 679 986 742 g.
1016 659 1115 724 schol.
1142 659 1169 726 l.
1195 660 1216 720 8
1243 659 1309 738 (ubi
1337 658 1371 721 in
1398 657 1431 722 0

194 762 358 829 intercidit
380 765 490 840 babet).
531 761 747 841 1110184).
773 762 823 831 19.
847 763 891 828 20
918 763 988 852 (ubi
1011 767 1110 831 uerba
1124 769 1223 831 Piscis
1246 773 1347 831 cutem
1370 767 1431 847 qui

193 874 296 936 notius
328 873 439 934 dieitur
469 869 531 935 hac
564 869 605 935 de
638 890 739 936 causa
771 871 911 951 omittit).
961 872 1093 938 retinuit
1126 893 1166 938 ea
1194 871 1224 937 2.
1251 870 1281 938 9.
1309 868 1349 933 21
1380 877 1424 954 et,

194 976 382 1061 pronomine
406 975 492 1059 quod
515 975 604 1061 apud
626 977 789 1061 Hyginum
818 979 963 1061 sequitur
991 978 1120 1064 omisso,
1148 976 1256 1042 1024,
1302 999 1322 1042 a
1349 996 1427 1061 pro-

195 1082 324 1147 nomine
348 1102 388 1146 ex
410 1082 496 1166 Hyg.
521 1082 689 1168 desumpto
717 1082 938 1169 incipitur.
964 1082 1013 1170 17,
1041 1086 1075 1150 10
1098 1083 1120 1148 4
1142 1089 1228 1152 euius
1250 1105 1308 1169 pro
1332 1086 1431 1149 baias

196 1189 435 1254 10140οΧ0101.
472 1189 505 1253 in
532 1186 571 1251 12
594 1190 677 1255 benc
701 1190 813 1275 incipit
836 1193 916 1256 Eius
938 1195 990 1257 010
1012 1195 1149 1273 deutera,
1174 1192 1220 1256 ita
1240 1197 1275 1256 01
1293 1191 1432 1275 Aquilae

197 1299 248 1362 olo
271 1299 300 1360 (1.
325 1294 475 1373 (01.1114
497 1296 662 1379 00000000)
686 1297 720 1360 in
748 1299 776 1360 Y
796 1296 898 1363 101000
921 1297 1079 1383 uideatur,
1103 1319 1239 1382 quocum
1263 1296 1432 1363 consentit.

197 1405 227 1466 H
251 1401 304 1485 (01.
328 1401 470 1486 Hasperi
491 1402 575 1487 Hyg.
598 1405 721 1469 Dentre
743 1406 795 1470 010
817 1405 955 1490 Aqoihie,
978 1405 1025 1470 ita
1048 1408 1157 1471 01010
1180 1404 1344 1470 ablaticus
1368 1404 1428 1486 011)

199 1517 231 1574 01
245 1512 283 1593 Β,
307 1529 378 1574 cum
392 1509 493 1575 ceteri
512 1530 622 1576 omnes
644 1510 788 1576 habeant
801 1511 914 1594 Aquilo
937 1514 989 1578 olo
1011 1515 1132 1578 (100100.
1169 1509 1343 1595 deniqueb
1364 1530 1432 1594 pro

198 1615 322 1700 Hygini
353 1615 445 1681 initio
473 1619 558 1700 hyra
590 1619 662 1682 boec
694 1623 771 1701 0010
805 1617 935 1701 scripsit
966 1620 1050 1700 hyra
1077 1626 1179 1683 cotem
1213 1617 1312 1698 (idem
1345 1637 1429 1683 casu

198 1722 298 1788 habet
325 1726 356 1786 F
381 1721 570 1807 conpendiis
599 1722 632 1786 ni
660 1720 757 1787 fallor
785 1720 950 1803 confusis).
995 1724 1029 1787 in
1058 1722 1076 1787 7
1106 1731 1138 1789 01
1167 1723 1210 1786 10
1237 1724 1323 1789 100111
1351 1723 1430 1788 libri

200 1831 341 1914 capitum
356 1828 450 1893 initia
465 1827 590 1913 desunt,
614 1829 646 1892 in
665 1826 704 1892 13
721 1836 754 1894 01
772 1827 812 1892 14
834 1828 996 1896 inferioris
1016 1830 1192 1914 imaginum
1206 1831 1308 1914 partis
1325 1831 1430 1897 uerba

201 1935 320 2002 detrita
345 1941 426 2018 sunt,
451 1934 554 1999 solum
578 1955 603 2000 0.
629 1932 670 1997 lli
694 1935 780 2000 tertii
803 1935 876 2000 libri
899 1935 1060 2020 particula
1084 1943 1174 2002 caret
1196 1944 1240 2014 (0.
1265 1935 1372 2020 10100).

288 2060 422 2143 Eorum,
450 2079 534 2141 quae
561 2058 595 2123 in
624 2059 765 2125 secundo
794 2067 827 2126 et
854 2061 949 2125 tertio
977 2061 1058 2126 libro
1088 2061 1129 2126 (10
1158 2061 1294 2143 singulis
1323 2060 1433 2144 signis

199 2167 358 2250 leguntur,
381 2167 536 2230 maiorem
555 2164 752 2231 minoremue
774 2174 900 2251 partem
924 2166 1102 2233 scholiasta
1125 2168 1279 2233 exscribit
1302 2167 1430 2233 ratione
1449 2231 1451 2234 ⁴

199 2273 313 2338 habita
336 2273 535 2356 singularum
558 2273 736 2356 imaginum
759 2273 883 2340 formae
906 2280 939 2339 et
961 2274 1203 2357 magnitudinis.
1244 2275 1292 2341 sic
1314 2275 1431 2339 breuia

199 2380 367 2462 utriusque
390 2379 463 2444 libri
487 2379 596 2463 capita
611 2379 652 2445 de
668 2380 756 2464 0010,
781 2380 823 2446 (10
836 2381 941 2465 Pisce,
965 2379 1006 2445 de
1020 2381 1095 2465 Ara,
1120 2381 1161 2447 de
1175 2382 1342 2466 Procyone
1358 2387 1434 2446 tota

202 2494 332 2553 seruata
360 2493 435 2551 sunt
462 2486 573 2564 (schol.
604 2485 652 2551 18.
681 2485 734 2552 20.
758 2485 810 2552 21.
834 2485 900 2565 24),
929 2495 1100 2571 praeterea
1128 2487 1169 2554 de
1197 2489 1290 2555 Naue
1319 2487 1429 2572 000110

202 2594 361 2679 ampliora
385 2591 465 2677 (17),
489 2593 604 2675 quibus
628 2594 722 2658 nauis
745 2593 850 2677 figura
874 2593 954 2660 satis
979 2595 1078 2679 spatii
1102 2594 1342 2679 suppeditabat.
1386 2593 1432 2660 (10

203 2700 382 2783 Sagittario
411 2699 482 2782 (10)
516 2720 546 2766 u.
578 2721 609 2784 p.
637 2703 690 2765 42.
745 2700 934 2785 plerumque
966 2709 1074 2766 autem
1104 2708 1229 2785 partem
1262 2701 1429 2785 (priorem)

204 2805 337 2872 secundi
360 2806 434 2870 libri
457 2806 575 2891 capitis
599 2806 812 2891 exscripsisse
841 2814 1010 2873 contentus
1034 2808 1120 2872 tertii
1144 2815 1296 2889 quantum
1320 2814 1433 2893 potest

204 2912 362 2995 adiungit.
388 2913 507 2978 etenim
517 2912 552 2977 id
566 2913 674 2996 egisse
689 2913 867 2979 scholiasta
881 2914 1017 2998 uidetur,
1033 2921 1077 2997 ut,
1092 2933 1284 2996 quamquam
1300 2913 1433 2980 fabulas

205 3039 269 3084 non
291 3018 443 3103 neglexit,
471 3026 581 3084 tamen
604 3019 647 3084 ad
671 3020 900 3085 astronomiam
928 3022 1037 3106 001100
1061 3040 1145 3103 quac
1167 3021 1365 3104 pertinerent
1389 3042 1431 3087 ex

204 3125 299 3191 tertio
330 3125 412 3190 libro
447 3124 638 3192 desumeret.
685 3127 792 3192 sexies
825 3128 911 3192 enim
942 3127 1093 3210 neglecta
1125 3127 1305 3193 fabularum
1336 3135 1433 3213 parte

204 3231 292 3298 tertii
306 3231 380 3296 libri
403 3233 513 3317 capita
531 3233 659 3314 integra
682 3233 917 3318 transscripsit:
941 3233 1071 3317 Arietis,
1093 3233 1208 3317 Lyrae,
1233 3233 1434 3319 Capricorni,

206 3338 368 3422 Sagittae,
401 3339 553 3424 Aquilae,
587 3339 685 3405 Canis
714 3340 828 3418 (schol.
857 3339 883 3405 l.
906 3339 937 3405 6.
959 3338 990 3405 o.
1016 3337 1066 3403 ll.
1092 3339 1142 3404 la.
1168 3338 1230 3417 lb).
1274 3347 1307 3405 01
1329 3341 1362 3405 in
1390 3339 1429 3404 ll

206 3445 337 3530 quidem
364 3465 436 3510 cum
458 3445 528 3511 fieri
556 3465 620 3510 non
647 3453 768 3530 posset,
798 3453 833 3510 ut
863 3445 997 3512 secundi
1025 3446 1098 3514 libri
1126 3453 1225 3531 caput
1252 3453 1353 3511 totum
1376 3446 1433 3510 de·

208 3551 413 3637 scriberetur,
447 3559 479 3617 01
506 3559 639 3637 0000100
670 3552 835 3618 insolitam
862 3553 931 3618 eius
959 3552 1215 3635 magnitudinem
1247 3561 1280 3618 01
1306 3553 1433 3636 figurae

208 3660 376 3742 (sagittae)
401 3659 588 3743 exilitatem,
611 3660 804 3725 breuissima
827 3659 946 3744 fabula,
970 3680 1067 3742 quam
1092 3659 1231 3724 uberiori
1255 3660 1433 3725 narrationi

205 3765 382 3852 praemittit
395 3765 553 3850 Hyginus,
577 3764 742 3850 descripta
765 3766 850 3831 tertii
864 3766 938 3831 libri
961 3774 1060 3851 caput
1083 3765 1250 3831 commode
1273 3765 1432 3849 adiungit.

163 3874 166 3879 ’
207 3893 234 3939 0.
261 3871 283 3935 o
313 3871 449 3936 duarum
477 3892 559 3955 quas
587 3871 735 3956 Hyginus
764 3872 887 3957 profert
914 3872 1096 3938 fabularum
1128 3872 1268 3957 priorem
1296 3893 1434 3956 eamque

299 4085 319 4152 ⁴)
343 4084 466 4140 Pistricis
489 4102 590 4139 nomen
613 4085 734 4150 omittit,
757 4085 800 4139 ita
822 4088 854 4140 ut
877 4102 910 4140 ea
932 4103 1004 4153 quae
1026 4088 1178 4155 sequuntur
1201 4085 1353 4140 01001000
1376 4085 1436 4140 sint

207 4175 355 4232 referenda.
392 4173 574 4228 nihilominus
596 4174 670 4242 quod
692 4173 820 4243 Hyginus
848 4174 932 4228 habet
959 4178 1024 4229 haec
1046 4175 1192 4230 retinuisse
1214 4175 1325 4229 uidetur
1350 4174 1434 4240 (0.8,

207 4265 255 4320 sed
272 4263 303 4318 in
320 4262 411 4318 codiee
428 4265 455 4316 A
472 4262 578 4329 legitur
594 4265 641 4316 hec
658 4262 704 4316 uel
721 4265 786 4329 hic).
824 4261 885 4317 0011
903 4266 997 4318 autem
1016 4265 1149 4318 uocabulo
1167 4263 1197 4317 in
1220 4264 1309 4332 priore
1336 4262 1434 4318 scholii

207 4356 288 4423 partu
306 4351 408 4419 ubique
426 4354 459 4406 01
477 4351 628 4406 masculino
646 4350 737 4405 utitur
756 4351 912 4406 scholiasta
949 4353 1023 4406 inter
1041 4352 1144 4407 codices
1158 4352 1263 4422 Hygini
1282 4353 1316 4406 (10
1333 4368 1435 4421 genere

208 4442 267 4497 eius
293 4458 349 4495 non
376 4439 512 4495 conuenit.
550 4442 659 4508 praeter
686 4439 789 4493 nomin.
826 4440 954 4511 Hyginus
981 4441 1095 4495 adhibet
1122 4443 1194 4509 Geta·
1221 4460 1248 4494 u.
1272 4442 1359 4507 Neue,
1382 4441 1432 4496 lat.

206 4530 341 4585 Formenl.
361 4530 374 4582 I
392 4548 418 4597 0.
436 4529 498 4585 328.
