3254 5040
786 321 829 386 29

354 515 531 598 Aquarium
554 512 638 579 hune
661 535 722 598 eqs.
745 536 777 578 u.
801 517 893 580 cclml.
919 511 949 577 8.

194 640 250 727 (5'5)
411 641 486 725 lpse
510 644 616 705 autem
639 638 755 705 labens
777 637 886 705 multis
910 657 1012 722 equus
1035 637 1092 704 ille
1114 645 1240 704 tenetur

453 745 616 829 Piscibus,
639 744 715 811 huic
738 745 848 810 cervix
871 743 1007 811 dextera
1029 744 1187 810 mulcetur
1210 745 1334 830 Aquarj

411 853 520 919 Serius
542 851 604 918 hoc
629 852 735 918 obitus
758 857 843 918 terre
865 851 963 918 visite
987 851 1093 936 quinis

456 956 560 1036 Quam
584 957 727 1042 gelidum
750 956 861 1023 valido
885 956 927 1023 de
951 977 1085 1042 corpore
1108 957 1210 1043 frigus
1234 956 1402 1023 anhelans.

285 1102 327 1167 (=
362 1105 415 1157 OEc.
443 1105 523 1157 Arat.
551 1120 578 1155 a.
602 1101 717 1156 55-58.
760 1104 856 1167 adfero
883 1104 1006 1154 lectiones
1033 1103 1134 1154 codicia
1160 1103 1188 1154 D
1212 1129 1245 1138 -
1269 1104 1299 1154 ia
1326 1103 1352 1152 A
1378 1102 1431 1154 boc

194 1193 292 1258 folium
311 1195 410 1246 eccidit
431 1211 473 1244 -.·
498 1192 534 1246 55
551 1191 637 1244 mutis
657 1194 723 1244 coni.
744 1192 893 1258 Turnebus,
912 1191 1039 1243 Bbbrena
1059 1190 1063 1254 Ι
1084 1189 1118 1244 56
1133 1189 1231 1244 dextra
1246 1190 1250 1256 Ι
1267 1188 1375 1256 aquarii
1389 1191 1429 1253 D,

196 1279 302 1347 Aquari
321 1283 450 1334 editiones
474 1284 479 1343 Ι
503 1281 537 1334 57
557 1281 625 1334 hacc
649 1280 653 1345 Ι
679 1279 834 1334 terracina
858 1279 895 1332 sit
918 1279 1026 1346 equinis
1045 1281 1080 1344 D,
1105 1279 1190 1333 terrai
1212 1277 1280 1332 nisit
1299 1277 1363 1347 equi
1381 1278 1429 1331 uis

196 1369 332 1441 Priscian.
351 1370 478 1423 Bdbrcac
493 1373 498 1430 Ι
513 1368 549 1423 58
567 1371 676 1437 pectore
694 1369 820 1422 Bdbrcnc
839 1385 871 1420 ea
892 1370 947 1422 Cic.
965 1387 991 1421 a.
1011 1371 1083 1422 deor.
1102 1367 1129 1421 Π
1149 1367 1210 1433 112)

358 1511 440 1576 Item
462 1510 495 1575 in
519 1510 611 1575 Arati
633 1509 715 1576 libro
739 1509 782 1575 ad
805 1510 943 1593 figuram
966 1510 1132 1593 egregiam
1151 1509 1262 1576 Persei
1286 1508 1429 1595 talerati,

305 1615 490 1683 &dextera
518 1617 674 1683 Medusae
703 1624 810 1702 eaput,
837 1617 969 1682 sinistra
996 1637 1073 1683 vero
1101 1615 1247 1701 gladium
1274 1616 1430 1699 gerentis.

304 1724 443 1790 Perseus

357 1865 420 1931 Hic
442 1865 633 1931 mobilitatis
657 1887 717 1950 cqc.
741 1888 772 1931 u.
796 1868 887 1931 cebol.
901 1862 943 1929 4.

198 2005 254 2073 (20)
414 1990 441 2054 Ε
464 1988 602 2074 pedibus
625 1997 722 2055 natus
746 2010 869 2055 summo
892 1989 969 2054 love
992 1990 1131 2066 Perseus
1156 2009 1201 2074 es,
1290 2027 1291 2030 π

457 2094 546 2173 Quos
568 2096 719 2163 humeros
742 2097 858 2162 retinet
882 2095 1024 2162 defixum
1046 2115 1179 2180 corpore
1202 2097 1351 2180 Perseus,

413 2202 520 2280 Quam
542 2225 700 2270 summum
723 2205 765 2269 ab
788 2205 921 2287 regione
943 2202 1114 2287 Aquilonis
1136 2203 1269 2269 flamina
1291 2202 1413 2288 pulsat,

456 2311 519 2377 Hic
542 2310 691 2377 dextram
714 2309 755 2375 ad
782 2311 878 2376 sedes
900 2309 1040 2376 intendit
1063 2309 1263 2395 Cassiepiae,

413 2417 634 2501 Diversosque
653 2416 756 2502 pedes
774 2417 902 2488 vinctos
921 2417 1079 2482 talaribus
1098 2416 1206 2483 habtis
1227 2417 1288 2497 (sic
1302 2417 1432 2501 olicae.)

199 2539 255 2607 (25)
461 2524 709 2590 Pulverulentus
732 2524 779 2589 uti
802 2522 844 2589 de
868 2530 954 2588 terra
977 2523 1090 2608 lapsus
1112 2531 1245 2607 repente

414 2629 451 2693 In
475 2630 599 2696 coelum
621 2631 726 2695 victor
747 2650 901 2713 magnum
926 2631 985 2694 sub
1009 2629 1147 2694 eulmine
1170 2636 1286 2714 portat

290 2768 333 2835 Ιτ-
358 2773 411 2825 Cic.
431 2774 510 2825 Aret.
529 2791 556 2826 e.
576 2772 692 2827 20-26.
730 2774 824 2839 adfero
843 2775 965 2825 lectiones
984 2774 1104 2825 codicum
1122 2775 1148 2824 A
1162 2771 1205 2840 (ε
1221 2774 1254 2826 H
1268 2791 1311 2841 ap.
1331 2771 1435 2839 Beer.)

201 2861 243 2911 D:
270 2858 305 2913 20
334 2862 433 2913 natum
457 2860 462 2926 Ι
487 2876 582 2928 perse
607 2861 667 2915 auis
690 2863 733 2915 est
750 2864 784 2924 A,
811 2877 907 2930 persea
933 2857 1019 2931 uideas
1042 2863 1077 2926 D,
1105 2861 1204 2916 Persea
1230 2861 1302 2915 uisas
1330 2863 1389 2914 edd.
1424 2858 1429 2930 Ι

201 2947 235 3000 21
260 2964 366 3002 umeros
392 2946 444 3013 A¹,
473 2949 595 3003 humeris
621 2953 711 3018 uulgo,
738 2965 832 3004 umero
855 2952 996 3019 Rebeccam
1024 2953 1095 3004 idem
1119 2958 1184 3018 post
1206 2950 1309 3004 retinet
1328 2957 1436 3017 paceo

197 3039 289 3104 posito
306 3039 433 3090 lacunam
451 3041 536 3091 unius
553 3056 652 3092 ueram
665 3047 730 3107 post
747 3040 825 3092 bunc'
835 3057 947 3092 uacum
965 3043 1061 3094 statuit
1083 3041 1089 3104 Ι
1113 3039 1201 3093 defixo
1225 3038 1231 3106 Ι
1255 3039 1290 3092 22
1308 3037 1379 3092 Cum
1395 3040 1432 3108 A,

201 3141 284 3192 quem
306 3127 358 3179 (b'e.
377 3144 405 3180 n.
425 3130 507 3191 deor„
532 3130 645 3194 quaed.
665 3130 769 3192 Morel.,
793 3128 919 3181 Bbbrcnc
948 3125 952 3197 Ι
982 3145 1090 3182 summa
1119 3125 1123 3196 Ι
1150 3127 1265 3196 pulsant
1282 3129 1308 3180 A
1329 3128 1383 3180 Cic.
1402 3146 1433 3182 n.

201 3216 282 3282 deor,
301 3217 359 3270 edd.
383 3213 387 3284 Ι
412 3215 447 3269 23
466 3215 628 3284 cassiepiam
645 3218 672 3269 A
690 3215 729 3284 (m
747 3220 899 3285 suppcnait
916 3235 950 3270 m.
969 3219 997 3285 2)
1016 3216 1177 3286 casiepheae
1195 3219 1223 3269 D
1247 3217 1251 3280 Ι
1276 3215 1312 3269 24
1330 3215 1405 3285 aptis
1425 3213 1430 3285 Ι

201 3302 236 3356 25
259 3303 461 3372 puluerulentis
480 3307 507 3358 D
536 3304 540 3370 Ι
570 3305 679 3374 elapsus
694 3303 745 3371 ·A¹‚
769 3306 863 3374 elapsa
881 3303 929 3374 A’,
956 3306 1052 3375 elapsu
1075 3308 1109 3371 D,
1133 3305 1237 3374 elapsu*
1265 3306 1393 3359 Bdbrena
1425 3301 1434 3374 Ι

201 3391 237 3445 26
255 3392 361 3446 caelum
386 3392 391 3458 Ι
415 3410 517 3462 magno
535 3411 633 3447 monas
652 3398 668 3448 1
687 3398 718 3447 in
735 3397 761 3446 A
780 3413 813 3448 aa·
830 3411 964 3463 magnum
983 3397 1110 3463 correxit,
1129 3394 1265 3460 Bdbrenc)

717 3535 770 3600 Ad
792 3537 914 3602 Pisces.

247 3699 249 3702 Α
309 3641 423 3708 Pisces
444 3641 627 3726 Diognetus
651 3665 711 3727 cqc.
735 3666 766 3707 c.
790 3645 882 3708 ccbol.
907 3641 928 3705 3
955 3648 970 3708 l

650 3766 704 3831 Ad
727 3766 827 3831 alium
848 3767 979 3851 piscem

309 3870 542 3938 Eratosthenes
565 3879 676 3938 autem
699 3895 758 3958 equ.
781 3895 813 3938 o.
837 3875 928 3939 schol.
953 3872 974 3936 3
999 3875 1028 3939 8.

291 4155 360 4220 Iam
388 4155 417 4222 si
446 4156 572 4223 scholia
598 4157 765 4241 utriusque
794 4156 917 4224 codicis
945 4157 986 4224 de
1009 4158 1129 4224 Perseo
1158 4164 1190 4223 et
1217 4156 1258 4222 de
1281 4156 1435 4222 Piscibus

150 4306 152 4310 ι
203 4280 427 4348 conparamus,
450 4263 531 4330 mire
555 4263 588 4328 in
611 4264 799 4331 uniuersum
821 4285 861 4330 ea
884 4265 968 4330 inter
991 4285 1027 4331 se
1042 4284 1227 4349 congruere,
1250 4262 1292 4328 ab
1306 4261 1433 4346 Hygini

202 4369 379 4455 archetypo
393 4375 430 4436 X
449 4369 603 4437 recedere
625 4371 729 4456 primo
753 4372 866 4437 obtutu
888 4378 1034 4457 apparet.
1079 4392 1155 4437 nam
1179 4370 1294 4436 eadem
1307 4368 1431 4453 Hygini

203 4477 341 4542 frustula
370 4485 524 4563 excerpta
553 4478 718 4564 exhibent,
748 4485 780 4544 et
809 4479 951 4545 Piscium
979 4478 1124 4544 scholion
1151 4479 1235 4543 inter
1260 4483 1435 4559 utrumque

201 4585 325 4669 piscem
352 4583 386 4649 in
416 4585 475 4650 Ac
499 4585 621 4671 pariter
649 4592 698 4652 est
725 4584 930 4651 distributum
959 4588 1058 4670 (up.
1083 4587 1148 4668 34).
1193 4604 1298 4668 neque
1325 4581 1434 4655 solum
