<?xml version="1.0" encoding="UTF-8"?>
<!DOCTYPE html PUBLIC "-//W3C//DTD XHTML 1.0 Transitional//EN"
    "http://www.w3.org/TR/xhtml1/DTD/xhtml1-transitional.dtd">
<html xmlns="http://www.w3.org/1999/xhtml" xml:lang="en" lang="en">
 <head>
  <title>
</title>
<meta http-equiv="Content-Type" content="text/html;charset=utf-8" />
  <meta name='ocr-system' content='tesseract 3.04.00' />
  <meta name='ocr-capabilities' content='ocr_page ocr_carea ocr_par ocr_line ocrx_word'/>
</head>
<body>
  <div class='ocr_page' id='page_1' title='image "./dehyginimemoria00kaufgoog_0130.png"; bbox 0 0 3254 5040; ppageno 0'>
   <div class='ocr_carea' id='block_1_1' title="bbox 748 354 868 420">
    <p class='ocr_par' dir='ltr' id='par_1_1' title="bbox 748 354 868 420">
     <span class='ocr_line' id='line_1_1' title="bbox 748 354 868 420; baseline -0.008 -1"><span class='ocrx_word' id='word_1_1' title='bbox 748 354 868 420; x_wconf 84' lang='lat' dir='ltr'>LXVII</span> 
     </span>
    </p>
   </div>
   <div class='ocr_carea' id='block_1_2' title="bbox 179 549 1425 2993">
    <p class='ocr_par' dir='ltr' id='par_1_2' title="bbox 179 549 1423 2333">
     <span class='ocr_line' id='line_1_2' title="bbox 195 549 1420 636; baseline 0.002 -18"><span class='ocrx_word' id='word_1_2' title='bbox 195 560 263 618; x_wconf 90' lang='lat' dir='ltr'><strong>tum</strong></span> <span class='ocrx_word' id='word_1_3' title='bbox 289 552 503 619; x_wconf 87' lang='lat' dir='ltr'><strong>masculinum</strong></span> <span class='ocrx_word' id='word_1_4' title='bbox 527 552 670 636; x_wconf 88' lang='lat' dir='ltr'><strong>sequitur</strong></span> <span class='ocrx_word' id='word_1_5' title='bbox 697 555 734 616; x_wconf 84' lang='lat' dir='ltr'><strong>dc</strong></span> <span class='ocrx_word' id='word_1_6' title='bbox 761 573 819 636; x_wconf 85' lang='lat' dir='ltr'><strong>qao</strong></span> <span class='ocrx_word' id='word_1_7' title='bbox 849 551 917 617; x_wconf 91' lang='lat' dir='ltr'><strong>scil.</strong></span> <span class='ocrx_word' id='word_1_8' title='bbox 945 551 986 616; x_wconf 93' lang='lat' dir='ltr'><strong>de</strong></span> <span class='ocrx_word' id='word_1_9' title='bbox 1015 550 1098 616; x_wconf 83' lang='lat' dir='ltr'><strong>Solis</strong></span> <span class='ocrx_word' id='word_1_10' title='bbox 1121 549 1189 615; x_wconf 91' lang='lat' dir='ltr'><strong>filio</strong></span> <span class='ocrx_word' id='word_1_11' title='bbox 1212 550 1420 621; x_wconf 73' lang='lat' dir='ltr'>Phaethonte.</span> 
     </span>
     <span class='ocr_line' id='line_1_3' title="bbox 196 656 1422 745; baseline -0.002 -20"><span class='ocrx_word' id='word_1_12' title='bbox 196 681 226 728; x_wconf 91' lang='lat' dir='ltr'><strong>u.</strong></span> <span class='ocrx_word' id='word_1_13' title='bbox 259 664 299 726; x_wconf 88' lang='grc'><strong>14</strong></span> <span class='ocrx_word' id='word_1_14' title='bbox 331 667 418 726; x_wconf 89' lang='lat' dir='ltr'><strong>reete</strong></span> <span class='ocrx_word' id='word_1_15' title='bbox 450 682 555 745; x_wconf 82' lang='lat' dir='ltr'><strong>qaam,</strong></span> <span class='ocrx_word' id='word_1_16' title='bbox 588 680 662 725; x_wconf 90' lang='lat' dir='ltr'><strong>cum</strong></span> <span class='ocrx_word' id='word_1_17' title='bbox 689 659 719 724; x_wconf 92' lang='lat' dir='ltr'><strong>ei</strong></span> <span class='ocrx_word' id='word_1_18' title='bbox 749 658 836 742; x_wconf 91' lang='lat' dir='ltr'><strong>quod</strong></span> <span class='ocrx_word' id='word_1_19' title='bbox 866 661 906 723; x_wconf 86' lang='grc'><strong>19</strong></span> <span class='ocrx_word' id='word_1_20' title='bbox 939 657 1064 723; x_wconf 90' lang='lat' dir='ltr'><strong>scholia</strong></span> <span class='ocrx_word' id='word_1_21' title='bbox 1095 656 1215 723; x_wconf 91' lang='lat' dir='ltr'><strong>hahent</strong></span> <span class='ocrx_word' id='word_1_22' title='bbox 1241 661 1351 742; x_wconf 81' lang='lat' dir='ltr'><strong>Pyrois</strong></span> <span class='ocrx_word' id='word_1_23' title='bbox 1377 667 1422 724; x_wconf 80' lang='lat' dir='ltr'><strong>est</strong></span> 
     </span>
     <span class='ocr_line' id='line_1_4' title="bbox 196 764 1421 851; baseline 0.002 -20"><span class='ocrx_word' id='word_1_24' title='bbox 196 769 364 851; x_wconf 83' lang='lat' dir='ltr'><strong>appellatos</strong></span> <span class='ocrx_word' id='word_1_25' title='bbox 393 767 588 834; x_wconf 80' lang='lat' dir='ltr'><strong>scholiorum</strong></span> <span class='ocrx_word' id='word_1_26' title='bbox 617 768 784 850; x_wconf 82' lang='lat' dir='ltr'><strong>Sangerm.</strong></span> <span class='ocrx_word' id='word_1_27' title='bbox 812 766 908 832; x_wconf 89' lang='lat' dir='ltr'><strong>lectio</strong></span> <span class='ocrx_word' id='word_1_28' title='bbox 940 771 1107 851; x_wconf 89' lang='lat' dir='ltr'><strong>praestare</strong></span> <span class='ocrx_word' id='word_1_29' title='bbox 1137 764 1286 832; x_wconf 90' lang='lat' dir='ltr'><strong>uideatur</strong></span> <span class='ocrx_word' id='word_1_30' title='bbox 1311 769 1421 851; x_wconf 77' lang='lat' dir='ltr'><strong>Pyrois</strong></span> 
     </span>
     <span class='ocr_line' id='line_1_5' title="bbox 196 872 1422 961; baseline 0 -22"><span class='ocrx_word' id='word_1_31' title='bbox 196 877 282 940; x_wconf 79' lang='lat' dir='ltr'><strong>stello</strong></span> <span class='ocrx_word' id='word_1_32' title='bbox 299 884 344 940; x_wconf 78' lang='lat' dir='ltr'><strong>est</strong></span> <span class='ocrx_word' id='word_1_33' title='bbox 357 878 508 960; x_wconf 83' lang='lat' dir='ltr'><strong>appellato</strong></span> <span class='ocrx_word' id='word_1_34' title='bbox 522 872 565 961; x_wconf 86' lang='lat' dir='ltr'><strong>(u.</strong></span> <span class='ocrx_word' id='word_1_35' title='bbox 579 882 644 942; x_wconf 87' lang='lat' dir='ltr'><strong>not.</strong></span> <span class='ocrx_word' id='word_1_36' title='bbox 660 873 704 938; x_wconf 90' lang='lat' dir='ltr'><strong>ad</strong></span> <span class='ocrx_word' id='word_1_37' title='bbox 717 872 764 960; x_wconf 89' lang='grc'><strong>1,).</strong></span> <span class='ocrx_word' id='word_1_38' title='bbox 778 894 808 939; x_wconf 92' lang='lat' dir='ltr'><strong>u.</strong></span> <span class='ocrx_word' id='word_1_39' title='bbox 824 876 865 939; x_wconf 85' lang='lat'><strong>21.</strong></span> <span class='ocrx_word' id='word_1_40' title='bbox 884 874 1002 956; x_wconf 52' lang='lat' dir='ltr'><strong>&amp;torto</strong></span> <span class='ocrx_word' id='word_1_41' title='bbox 1017 925 1024 938; x_wconf 91' lang='lat'><strong>.</strong></span> <span class='ocrx_word' id='word_1_42' title='bbox 1040 924 1070 938; x_wconf 96' lang='lat'><strong>..</strong></span> <span class='ocrx_word' id='word_1_43' title='bbox 1105 895 1203 959; x_wconf 80' lang='lat' dir='ltr'><strong>quom,</strong></span> <span class='ocrx_word' id='word_1_44' title='bbox 1226 880 1293 939; x_wconf 93' lang='lat' dir='ltr'><strong>tum</strong></span> <span class='ocrx_word' id='word_1_45' title='bbox 1315 875 1422 958; x_wconf 87' lang='lat' dir='ltr'><strong>pergit</strong></span> 
     </span>
     <span class='ocr_line' id='line_1_6' title="bbox 195 978 1421 1067; baseline 0 -22"><span class='ocrx_word' id='word_1_46' title='bbox 195 983 275 1046; x_wconf 83' lang='lat' dir='ltr'><strong>hooc</strong></span> <span class='ocrx_word' id='word_1_47' title='bbox 298 984 424 1048; x_wconf 78' lang='lat' dir='ltr'><strong>eoadem</strong></span> <span class='ocrx_word' id='word_1_48' title='bbox 449 983 622 1067; x_wconf 77' lang='lat' dir='ltr'><em>Hesperum</em></span> <span class='ocrx_word' id='word_1_49' title='bbox 645 983 803 1065; x_wconf 82' lang='lat' dir='ltr'><strong>appellari,</strong></span> <span class='ocrx_word' id='word_1_50' title='bbox 828 978 914 1064; x_wconf 89' lang='lat' dir='ltr'><strong>quod</strong></span> <span class='ocrx_word' id='word_1_51' title='bbox 937 1000 1002 1045; x_wconf 91' lang='lat' dir='ltr'><strong>non</strong></span> <span class='ocrx_word' id='word_1_52' title='bbox 1025 979 1165 1046; x_wconf 82' lang='lat' dir='ltr'><strong>debebat</strong></span> <span class='ocrx_word' id='word_1_53' title='bbox 1188 984 1204 1064; x_wconf 85' lang='grc' dir='ltr'>β</span> <span class='ocrx_word' id='word_1_54' title='bbox 1229 981 1375 1047; x_wconf 78' lang='lat' dir='ltr'><strong>codicem</strong></span> <span class='ocrx_word' id='word_1_55' title='bbox 1390 983 1421 1045; x_wconf 90' lang='lat' dir='ltr'><em>D</em></span> 
     </span>
     <span class='ocr_line' id='line_1_7' title="bbox 197 1088 1421 1170; baseline 0.001 -18"><span class='ocrx_word' id='word_1_56' title='bbox 197 1091 288 1170; x_wconf 85' lang='lat' dir='ltr'><strong>(hooc</strong></span> <span class='ocrx_word' id='word_1_57' title='bbox 310 1110 331 1152; x_wconf 91' lang='lat' dir='ltr'><strong>a</strong></span> <span class='ocrx_word' id='word_1_58' title='bbox 354 1109 453 1154; x_wconf 92' lang='lat' dir='ltr'><strong>manu</strong></span> <span class='ocrx_word' id='word_1_59' title='bbox 477 1092 498 1155; x_wconf 79' lang='grc'>2</span> <span class='ocrx_word' id='word_1_60' title='bbox 526 1109 566 1154; x_wconf 83' lang='lat' dir='ltr'><strong>ex</strong></span> <span class='ocrx_word' id='word_1_61' title='bbox 588 1092 668 1153; x_wconf 82' lang='lat' dir='ltr'><strong>haec</strong></span> <span class='ocrx_word' id='word_1_62' title='bbox 691 1093 741 1152; x_wconf 90' lang='lat' dir='ltr'><strong>est</strong></span> <span class='ocrx_word' id='word_1_63' title='bbox 764 1089 955 1170; x_wconf 81' lang='lat' dir='ltr'><strong>correctum)</strong></span> <span class='ocrx_word' id='word_1_64' title='bbox 984 1094 1112 1153; x_wconf 87' lang='lat' dir='ltr'><strong>secutus</strong></span> <span class='ocrx_word' id='word_1_65' title='bbox 1135 1088 1169 1151; x_wconf 91' lang='lat' dir='ltr'><strong>in</strong></span> <span class='ocrx_word' id='word_1_66' title='bbox 1195 1090 1273 1152; x_wconf 81' lang='lat' dir='ltr'><strong>haec</strong></span> <span class='ocrx_word' id='word_1_67' title='bbox 1296 1091 1421 1154; x_wconf 77' lang='lat' dir='ltr'><strong>condem</strong></span> 
     </span>
     <span class='ocr_line' id='line_1_8' title="bbox 196 1194 1421 1282; baseline 0.002 -23"><span class='ocrx_word' id='word_1_68' title='bbox 196 1198 237 1260; x_wconf 88' lang='lat' dir='ltr'><strong>H.</strong></span> <span class='ocrx_word' id='word_1_69' title='bbox 262 1219 290 1261; x_wconf 93' lang='grc' dir='ltr'><strong>ο.</strong></span> <span class='ocrx_word' id='word_1_70' title='bbox 315 1203 447 1282; x_wconf 85' lang='lat' dir='ltr'><strong>mutare,</strong></span> <span class='ocrx_word' id='word_1_71' title='bbox 476 1217 552 1260; x_wconf 90' lang='lat' dir='ltr'><strong>nam</strong></span> <span class='ocrx_word' id='word_1_72' title='bbox 581 1194 624 1259; x_wconf 90' lang='lat' dir='ltr'><strong>ad</strong></span> <span class='ocrx_word' id='word_1_73' title='bbox 646 1194 788 1260; x_wconf 83' lang='lat' dir='ltr'><strong>Luciferi</strong></span> <span class='ocrx_word' id='word_1_74' title='bbox 815 1195 923 1279; x_wconf 89' lang='lat' dir='ltr'><strong>potius</strong></span> <span class='ocrx_word' id='word_1_75' title='bbox 951 1214 1068 1260; x_wconf 90' lang='lat' dir='ltr'><strong>nomen</strong></span> <span class='ocrx_word' id='word_1_76' title='bbox 1093 1198 1134 1272; x_wconf 90' lang='lat' dir='ltr'><strong>(u.</strong></span> <span class='ocrx_word' id='word_1_77' title='bbox 1159 1199 1213 1272; x_wconf 77' lang='lat'><strong>21)</strong></span> <span class='ocrx_word' id='word_1_78' title='bbox 1240 1195 1322 1261; x_wconf 90' lang='lat' dir='ltr'><strong>haee</strong></span> <span class='ocrx_word' id='word_1_79' title='bbox 1349 1216 1421 1280; x_wconf 91' lang='lat' dir='ltr'><strong>pro·</strong></span> 
     </span>
     <span class='ocr_line' id='line_1_9' title="bbox 196 1300 1421 1388; baseline 0.001 -21"><span class='ocrx_word' id='word_1_80' title='bbox 196 1304 327 1367; x_wconf 89' lang='lat' dir='ltr'><strong>nomina</strong></span> <span class='ocrx_word' id='word_1_81' title='bbox 358 1303 535 1388; x_wconf 89' lang='lat' dir='ltr'><strong>respiciunt</strong></span> <span class='ocrx_word' id='word_1_82' title='bbox 567 1322 664 1385; x_wconf 89' lang='lat' dir='ltr'><strong>quam</strong></span> <span class='ocrx_word' id='word_1_83' title='bbox 696 1300 740 1366; x_wconf 91' lang='lat' dir='ltr'><strong>ad</strong></span> <span class='ocrx_word' id='word_1_84' title='bbox 772 1300 910 1367; x_wconf 89' lang='lat' dir='ltr'><strong>stellam.</strong></span> <span class='ocrx_word' id='word_1_85' title='bbox 958 1300 1017 1367; x_wconf 89' lang='lat' dir='ltr'><strong>sed</strong></span> <span class='ocrx_word' id='word_1_86' title='bbox 1050 1322 1090 1367; x_wconf 84' lang='lat' dir='ltr'><strong>ex</strong></span> <span class='ocrx_word' id='word_1_87' title='bbox 1121 1303 1228 1369; x_wconf 90' lang='lat' dir='ltr'><strong>uerbis</strong></span> <span class='ocrx_word' id='word_1_88' title='bbox 1261 1323 1344 1388; x_wconf 91' lang='lat' dir='ltr'><strong>quae</strong></span> <span class='ocrx_word' id='word_1_89' title='bbox 1375 1303 1421 1368; x_wconf 92' lang='lat' dir='ltr'><strong>in-</strong></span> 
     </span>
     <span class='ocr_line' id='line_1_10' title="bbox 198 1407 1422 1496; baseline 0.001 -22"><span class='ocrx_word' id='word_1_90' title='bbox 198 1416 372 1494; x_wconf 90' lang='lat' dir='ltr'><strong>sequuntur</strong></span> <span class='ocrx_word' id='word_1_91' title='bbox 396 1410 494 1475; x_wconf 88' lang='lat' dir='ltr'><strong>ctiam</strong></span> <span class='ocrx_word' id='word_1_92' title='bbox 516 1410 557 1475; x_wconf 95' lang='lat' dir='ltr'><strong>iis</strong></span> <span class='ocrx_word' id='word_1_93' title='bbox 581 1408 672 1494; x_wconf 92' lang='lat' dir='ltr'><strong>locis,</strong></span> <span class='ocrx_word' id='word_1_94' title='bbox 695 1409 750 1475; x_wconf 90' lang='lat' dir='ltr'><strong>uhi</strong></span> <span class='ocrx_word' id='word_1_95' title='bbox 774 1407 815 1474; x_wconf 90' lang='lat' dir='ltr'><strong>de</strong></span> <span class='ocrx_word' id='word_1_96' title='bbox 839 1409 911 1493; x_wconf 90' lang='lat' dir='ltr'><strong>ipsa</strong></span> <span class='ocrx_word' id='word_1_97' title='bbox 935 1409 1030 1474; x_wconf 90' lang='lat' dir='ltr'><strong>stella</strong></span> <span class='ocrx_word' id='word_1_98' title='bbox 1053 1409 1168 1496; x_wconf 83' lang='lat' dir='ltr'><strong>agitur,</strong></span> <span class='ocrx_word' id='word_1_99' title='bbox 1191 1411 1328 1475; x_wconf 91' lang='lat' dir='ltr'><strong>nominis</strong></span> <span class='ocrx_word' id='word_1_100' title='bbox 1352 1411 1422 1475; x_wconf 90' lang='lat' dir='ltr'><strong>eius</strong></span> 
     </span>
     <span class='ocr_line' id='line_1_11' title="bbox 197 1516 1421 1602; baseline 0.002 -22"><span class='ocrx_word' id='word_1_101' title='bbox 197 1516 304 1601; x_wconf 91' lang='lat' dir='ltr'><strong>potius</strong></span> <span class='ocrx_word' id='word_1_102' title='bbox 327 1518 486 1582; x_wconf 89' lang='lat' dir='ltr'><strong>rationem</strong></span> <span class='ocrx_word' id='word_1_103' title='bbox 508 1516 629 1582; x_wconf 89' lang='lat' dir='ltr'><strong>habere</strong></span> <span class='ocrx_word' id='word_1_104' title='bbox 653 1517 841 1600; x_wconf 84' lang='lat' dir='ltr'><strong>scriptorem</strong></span> <span class='ocrx_word' id='word_1_105' title='bbox 865 1522 1009 1601; x_wconf 88' lang='lat' dir='ltr'><strong>apparet.</strong></span> <span class='ocrx_word' id='word_1_106' title='bbox 1046 1537 1122 1581; x_wconf 89' lang='lat' dir='ltr'><strong>nam</strong></span> <span class='ocrx_word' id='word_1_107' title='bbox 1145 1517 1177 1581; x_wconf 92' lang='lat' dir='ltr'><strong>in</strong></span> <span class='ocrx_word' id='word_1_108' title='bbox 1199 1521 1285 1602; x_wconf 79' lang='lat' dir='ltr'><strong>isque</strong></span> <span class='ocrx_word' id='word_1_109' title='bbox 1300 1521 1359 1599; x_wconf 85' lang='lat' dir='ltr'><strong>(hic</strong></span> <span class='ocrx_word' id='word_1_110' title='bbox 1371 1520 1421 1596; x_wconf 85' lang='lat' dir='ltr'><strong>X)</strong></span> 
     </span>
     <span class='ocr_line' id='line_1_12' title="bbox 179 1622 1423 1707; baseline 0 -17"><span class='ocrx_word' id='word_1_111' title='bbox 179 1629 332 1690; x_wconf 73' lang='lat' dir='ltr'><strong>‘omoiom</strong></span> <span class='ocrx_word' id='word_1_112' title='bbox 354 1627 490 1690; x_wconf 78' lang='lat' dir='ltr'><strong>siderum</strong></span> <span class='ocrx_word' id='word_1_113' title='bbox 513 1628 669 1690; x_wconf 77' lang='lat' dir='ltr'><strong>mucimus</strong></span> <span class='ocrx_word' id='word_1_114' title='bbox 691 1625 814 1689; x_wconf 78' lang='lat' dir='ltr'><strong>uidetur</strong></span> <span class='ocrx_word' id='word_1_115' title='bbox 836 1623 913 1707; x_wconf 91' lang='lat' dir='ltr'><strong>quin</strong></span> <span class='ocrx_word' id='word_1_116' title='bbox 936 1630 1025 1690; x_wconf 90' lang='lat' dir='ltr'><strong>recte</strong></span> <span class='ocrx_word' id='word_1_117' title='bbox 1047 1622 1188 1690; x_wconf 83' lang='lat' dir='ltr'><strong>traditae</strong></span> <span class='ocrx_word' id='word_1_118' title='bbox 1212 1625 1277 1689; x_wconf 89' lang='lat' dir='ltr'><strong>sint</strong></span> <span class='ocrx_word' id='word_1_119' title='bbox 1300 1623 1423 1690; x_wconf 85' lang='lat' dir='ltr'><strong>formae</strong></span> 
     </span>
     <span class='ocr_line' id='line_1_13' title="bbox 197 1731 1422 1817; baseline 0 -22"><span class='ocrx_word' id='word_1_120' title='bbox 197 1732 397 1797; x_wconf 84' lang='lat' dir='ltr'><strong>masculinae</strong></span> <span class='ocrx_word' id='word_1_121' title='bbox 411 1731 478 1797; x_wconf 90' lang='lat' dir='ltr'><strong>noli</strong></span> <span class='ocrx_word' id='word_1_122' title='bbox 493 1731 649 1798; x_wconf 89' lang='lat' dir='ltr'><strong>dubitare.</strong></span> <span class='ocrx_word' id='word_1_123' title='bbox 686 1731 839 1796; x_wconf 88' lang='lat' dir='ltr'><strong>feminino</strong></span> <span class='ocrx_word' id='word_1_124' title='bbox 863 1732 891 1797; x_wconf 91' lang='lat' dir='ltr'><strong>si</strong></span> <span class='ocrx_word' id='word_1_125' title='bbox 909 1731 956 1796; x_wconf 84' lang='lat' dir='ltr'><strong>uti</strong></span> <span class='ocrx_word' id='word_1_126' title='bbox 979 1731 1153 1817; x_wconf 85' lang='lat' dir='ltr'><strong>maluisset,</strong></span> <span class='ocrx_word' id='word_1_127' title='bbox 1178 1739 1265 1798; x_wconf 88' lang='lat' dir='ltr'><strong>certe</strong></span> <span class='ocrx_word' id='word_1_128' title='bbox 1288 1735 1422 1797; x_wconf 75' lang='lat' dir='ltr'><strong>siderum</strong></span> 
     </span>
     <span class='ocr_line' id='line_1_14' title="bbox 198 1837 1422 1924; baseline -0.001 -21"><span class='ocrx_word' id='word_1_129' title='bbox 198 1839 343 1924; x_wconf 88' lang='lat' dir='ltr'><strong>uitasset,</strong></span> <span class='ocrx_word' id='word_1_130' title='bbox 367 1839 554 1924; x_wconf 88' lang='lat' dir='ltr'><strong>scripsisset</strong></span> <span class='ocrx_word' id='word_1_131' title='bbox 575 1841 742 1904; x_wconf 81' lang='lat' dir='ltr'><strong>stallorum.</strong></span> <span class='ocrx_word' id='word_1_132' title='bbox 781 1837 867 1921; x_wconf 92' lang='lat' dir='ltr'><strong>quod</strong></span> <span class='ocrx_word' id='word_1_133' title='bbox 889 1838 988 1921; x_wconf 83' lang='lat' dir='ltr'><strong>igitur</strong></span> <span class='ocrx_word' id='word_1_134' title='bbox 1011 1837 1098 1904; x_wconf 90' lang='lat' dir='ltr'><strong>solus</strong></span> <span class='ocrx_word' id='word_1_135' title='bbox 1113 1841 1143 1903; x_wconf 83' lang='lat' dir='ltr'><em>R</em></span> <span class='ocrx_word' id='word_1_136' title='bbox 1164 1839 1262 1904; x_wconf 90' lang='lat' dir='ltr'><strong>hahet</strong></span> <span class='ocrx_word' id='word_1_137' title='bbox 1284 1843 1357 1904; x_wconf 82' lang='lat' dir='ltr'><strong>tuce</strong></span> <span class='ocrx_word' id='word_1_138' title='bbox 1370 1889 1377 1903; x_wconf 93' lang='lat'><strong>.</strong></span> <span class='ocrx_word' id='word_1_139' title='bbox 1392 1888 1422 1902; x_wconf 95' lang='lat'><strong>..</strong></span> 
     </span>
     <span class='ocr_line' id='line_1_15' title="bbox 197 1944 1423 2031; baseline -0.002 -20"><span class='ocrx_word' id='word_1_140' title='bbox 197 1950 344 2028; x_wconf 69' lang='lat' dir='ltr'><strong>mumma,</strong></span> <span class='ocrx_word' id='word_1_141' title='bbox 376 1947 500 2012; x_wconf 87' lang='lat' dir='ltr'><strong>librarii</strong></span> <span class='ocrx_word' id='word_1_142' title='bbox 524 1945 639 2031; x_wconf 89' lang='lat' dir='ltr'><strong>studio,</strong></span> <span class='ocrx_word' id='word_1_143' title='bbox 669 1966 731 2029; x_wconf 93' lang='lat' dir='ltr'><strong>quo</strong></span> <span class='ocrx_word' id='word_1_144' title='bbox 756 1944 902 2011; x_wconf 91' lang='lat' dir='ltr'><strong>eiusdem</strong></span> <span class='ocrx_word' id='word_1_145' title='bbox 929 1947 1058 2029; x_wconf 86' lang='lat' dir='ltr'><strong>generis</strong></span> <span class='ocrx_word' id='word_1_146' title='bbox 1081 1944 1201 2012; x_wconf 79' lang='lat' dir='ltr'><strong>formas</strong></span> <span class='ocrx_word' id='word_1_147' title='bbox 1233 1946 1423 2030; x_wconf 88' lang='lat' dir='ltr'><strong>restitueret,</strong></span> 
     </span>
     <span class='ocr_line' id='line_1_16' title="bbox 199 2051 1423 2118; baseline 0.001 -1"><span class='ocrx_word' id='word_1_148' title='bbox 199 2052 310 2118; x_wconf 88' lang='lat' dir='ltr'><strong>deberi</strong></span> <span class='ocrx_word' id='word_1_149' title='bbox 342 2052 548 2118; x_wconf 88' lang='lat' dir='ltr'><strong>manifestum</strong></span> <span class='ocrx_word' id='word_1_150' title='bbox 582 2061 639 2118; x_wconf 90' lang='lat' dir='ltr'><strong>est.</strong></span> <span class='ocrx_word' id='word_1_151' title='bbox 697 2051 784 2116; x_wconf 88' lang='lat' dir='ltr'><strong>idem</strong></span> <span class='ocrx_word' id='word_1_152' title='bbox 816 2059 866 2118; x_wconf 91' lang='lat' dir='ltr'><strong>est</strong></span> <span class='ocrx_word' id='word_1_153' title='bbox 898 2051 1071 2118; x_wconf 92' lang='lat' dir='ltr'><strong>dicendum</strong></span> <span class='ocrx_word' id='word_1_154' title='bbox 1103 2052 1145 2118; x_wconf 94' lang='lat' dir='ltr'><strong>de</strong></span> <span class='ocrx_word' id='word_1_155' title='bbox 1176 2052 1296 2118; x_wconf 87' lang='lat' dir='ltr'><strong>ultimis</strong></span> <span class='ocrx_word' id='word_1_156' title='bbox 1328 2052 1423 2118; x_wconf 90' lang='lat' dir='ltr'><strong>huius</strong></span> 
     </span>
     <span class='ocr_line' id='line_1_17' title="bbox 198 2158 1423 2245; baseline 0.001 -22"><span class='ocrx_word' id='word_1_157' title='bbox 198 2160 350 2245; x_wconf 86' lang='lat' dir='ltr'><strong>planctae</strong></span> <span class='ocrx_word' id='word_1_158' title='bbox 372 2160 482 2226; x_wconf 89' lang='lat' dir='ltr'><strong>uerbis</strong></span> <span class='ocrx_word' id='word_1_159' title='bbox 506 2179 589 2243; x_wconf 89' lang='lat' dir='ltr'><strong>qnae</strong></span> <span class='ocrx_word' id='word_1_160' title='bbox 612 2160 645 2223; x_wconf 92' lang='lat' dir='ltr'><strong>in</strong></span> <span class='ocrx_word' id='word_1_161' title='bbox 668 2158 801 2225; x_wconf 87' lang='lat' dir='ltr'><strong>scholiis</strong></span> <span class='ocrx_word' id='word_1_162' title='bbox 823 2159 1054 2225; x_wconf 89' lang='lat' dir='ltr'><strong>interciderunt</strong></span> <span class='ocrx_word' id='word_1_163' title='bbox 1077 2162 1120 2244; x_wconf 93' lang='lat' dir='ltr'><strong>(p.</strong></span> <span class='ocrx_word' id='word_1_164' title='bbox 1138 2163 1234 2245; x_wconf 85' lang='lat'><strong>80,6),</strong></span> <span class='ocrx_word' id='word_1_165' title='bbox 1257 2161 1313 2225; x_wconf 90' lang='lat' dir='ltr'><strong>ubr</strong></span> <span class='ocrx_word' id='word_1_166' title='bbox 1335 2159 1423 2226; x_wconf 79' lang='lat' dir='ltr'><strong>idem</strong></span> 
     </span>
     <span class='ocr_line' id='line_1_18' title="bbox 198 2266 867 2333; baseline 0.001 -1"><span class='ocrx_word' id='word_1_167' title='bbox 198 2287 281 2333; x_wconf 91' lang='lat' dir='ltr'><strong>unus</strong></span> <span class='ocrx_word' id='word_1_168' title='bbox 304 2269 334 2331; x_wconf 83' lang='lat' dir='ltr'><em>R</em></span> <span class='ocrx_word' id='word_1_169' title='bbox 355 2269 433 2332; x_wconf 85' lang='lat' dir='ltr'><strong>hooc</strong></span> <span class='ocrx_word' id='word_1_170' title='bbox 456 2274 488 2332; x_wconf 96' lang='lat' dir='ltr'><strong>et</strong></span> <span class='ocrx_word' id='word_1_171' title='bbox 509 2270 697 2332; x_wconf 79' lang='lat' dir='ltr'><strong>comiacrum</strong></span> <span class='ocrx_word' id='word_1_172' title='bbox 720 2266 867 2333; x_wconf 85' lang='lat' dir='ltr'><strong>correxit.</strong></span> 
     </span>
    </p>

    <p class='ocr_par' dir='ltr' id='par_1_3' title="bbox 199 2371 1425 2993">
     <span class='ocr_line' id='line_1_19' title="bbox 289 2371 1420 2453; baseline 0 -17"><span class='ocrx_word' id='word_1_173' title='bbox 289 2371 330 2436; x_wconf 79' lang='lat'><strong>25</strong></span> <span class='ocrx_word' id='word_1_174' title='bbox 370 2376 388 2440; x_wconf 80' lang='lat'>7</span> <span class='ocrx_word' id='word_1_175' title='bbox 429 2372 549 2453; x_wconf 86' lang='lat' dir='ltr'><strong>itaquo</strong></span> <span class='ocrx_word' id='word_1_176' title='bbox 590 2388 669 2437; x_wconf 88' lang='lat' dir='ltr'><strong>oum</strong></span> <span class='ocrx_word' id='word_1_177' title='bbox 713 2375 758 2437; x_wconf 83' lang='lat' dir='ltr'><strong>ah</strong></span> <span class='ocrx_word' id='word_1_178' title='bbox 800 2371 887 2437; x_wconf 89' lang='lat' dir='ltr'><strong>Ioue</strong></span> <span class='ocrx_word' id='word_1_179' title='bbox 928 2371 1025 2436; x_wconf 87' lang='lat' dir='ltr'><strong>inter</strong></span> <span class='ocrx_word' id='word_1_180' title='bbox 1066 2371 1164 2436; x_wconf 85' lang='lat' dir='ltr'><strong>astra</strong></span> <span class='ocrx_word' id='word_1_181' title='bbox 1208 2372 1420 2437; x_wconf 84' lang='lat' dir='ltr'><strong>collocatum</strong></span> 
     </span>
     <span class='ocr_line' id='line_1_20' title="bbox 201 2479 1424 2566; baseline -0.001 -19"><span class='ocrx_word' id='word_1_182' title='bbox 201 2479 335 2566; x_wconf 89' lang='lat' dir='ltr'><strong>scholia,</strong></span> <span class='ocrx_word' id='word_1_183' title='bbox 358 2480 404 2544; x_wconf 89' lang='lat' dir='ltr'><strong>ita</strong></span> <span class='ocrx_word' id='word_1_184' title='bbox 427 2487 462 2546; x_wconf 92' lang='lat' dir='ltr'><strong>ut</strong></span> <span class='ocrx_word' id='word_1_185' title='bbox 485 2480 569 2546; x_wconf 86' lang='lat' dir='ltr'><strong>hanc</strong></span> <span class='ocrx_word' id='word_1_186' title='bbox 583 2480 671 2545; x_wconf 91' lang='lat' dir='ltr'><strong>Iouis</strong></span> <span class='ocrx_word' id='word_1_187' title='bbox 694 2480 859 2564; x_wconf 88' lang='lat' dir='ltr'><strong>propriam</strong></span> <span class='ocrx_word' id='word_1_188' title='bbox 873 2479 1001 2544; x_wconf 89' lang='lat' dir='ltr'><strong>stellam</strong></span> <span class='ocrx_word' id='word_1_189' title='bbox 1024 2481 1065 2545; x_wconf 87' lang='lat' dir='ltr'><strong>ab</strong></span> <span class='ocrx_word' id='word_1_190' title='bbox 1088 2479 1160 2564; x_wconf 93' lang='lat' dir='ltr'><strong>ipso</strong></span> <span class='ocrx_word' id='word_1_191' title='bbox 1175 2479 1253 2545; x_wconf 91' lang='lat' dir='ltr'><strong>Ioue</strong></span> <span class='ocrx_word' id='word_1_192' title='bbox 1275 2480 1309 2545; x_wconf 92' lang='lat' dir='ltr'><strong>in</strong></span> <span class='ocrx_word' id='word_1_193' title='bbox 1333 2481 1424 2546; x_wconf 90' lang='lat' dir='ltr'><strong>caelo</strong></span> 
     </span>
     <span class='ocr_line' id='line_1_21' title="bbox 199 2586 1424 2671; baseline 0 -19"><span class='ocrx_word' id='word_1_194' title='bbox 199 2587 341 2671; x_wconf 88' lang='lat' dir='ltr'><strong>positam</strong></span> <span class='ocrx_word' id='word_1_195' title='bbox 363 2607 436 2653; x_wconf 87' lang='lat' dir='ltr'><strong>esse</strong></span> <span class='ocrx_word' id='word_1_196' title='bbox 460 2586 589 2653; x_wconf 87' lang='lat' dir='ltr'><strong>disertis</strong></span> <span class='ocrx_word' id='word_1_197' title='bbox 613 2586 720 2651; x_wconf 90' lang='lat' dir='ltr'><strong>uerbis</strong></span> <span class='ocrx_word' id='word_1_198' title='bbox 744 2594 820 2671; x_wconf 89' lang='lat' dir='ltr'><strong>apte</strong></span> <span class='ocrx_word' id='word_1_199' title='bbox 849 2592 1122 2652; x_wconf 89' lang='lat' dir='ltr'><strong>commemoretur.</strong></span> <span class='ocrx_word' id='word_1_200' title='bbox 1168 2592 1279 2652; x_wconf 89' lang='lat' dir='ltr'><strong>contra</strong></span> <span class='ocrx_word' id='word_1_201' title='bbox 1303 2586 1424 2652; x_wconf 91' lang='lat' dir='ltr'><strong>codicis</strong></span> 
     </span>
     <span class='ocr_line' id='line_1_22' title="bbox 201 2692 1424 2779; baseline 0.001 -21"><span class='ocrx_word' id='word_1_202' title='bbox 201 2696 231 2758; x_wconf 85' lang='lat' dir='ltr'><em>R</em></span> <span class='ocrx_word' id='word_1_203' title='bbox 253 2694 424 2759; x_wconf 89' lang='lat' dir='ltr'><strong>lectionem</strong></span> <span class='ocrx_word' id='word_1_204' title='bbox 445 2698 466 2758; x_wconf 83' lang='lat' dir='ltr'><strong>i.</strong></span> <span class='ocrx_word' id='word_1_205' title='bbox 483 2717 508 2759; x_wconf 89' lang='lat' dir='ltr'><strong>c.</strong></span> <span class='ocrx_word' id='word_1_206' title='bbox 523 2698 603 2759; x_wconf 80' lang='lat' dir='ltr'><strong>ieter</strong></span> <span class='ocrx_word' id='word_1_207' title='bbox 617 2702 703 2759; x_wconf 80' lang='lat' dir='ltr'><strong>astro</strong></span> <span class='ocrx_word' id='word_1_208' title='bbox 718 2699 829 2778; x_wconf 72' lang='lat' dir='ltr'><strong>ferora</strong></span> <span class='ocrx_word' id='word_1_209' title='bbox 852 2715 877 2757; x_wconf 89' lang='lat' dir='ltr'><strong>c.</strong></span> <span class='ocrx_word' id='word_1_210' title='bbox 901 2712 966 2759; x_wconf 92' lang='lat' dir='ltr'><strong>non</strong></span> <span class='ocrx_word' id='word_1_211' title='bbox 980 2692 1092 2758; x_wconf 92' lang='lat' dir='ltr'><strong>dubito</strong></span> <span class='ocrx_word' id='word_1_212' title='bbox 1112 2694 1254 2779; x_wconf 86' lang='lat' dir='ltr'><strong>spuriam</strong></span> <span class='ocrx_word' id='word_1_213' title='bbox 1269 2693 1424 2773; x_wconf 81' lang='lat' dir='ltr'><strong>iudicare,</strong></span> 
     </span>
     <span class='ocr_line' id='line_1_23' title="bbox 200 2800 1425 2888; baseline 0.002 -24"><span class='ocrx_word' id='word_1_214' title='bbox 200 2801 392 2885; x_wconf 89' lang='lat' dir='ltr'><strong>praesertim</strong></span> <span class='ocrx_word' id='word_1_215' title='bbox 415 2821 488 2866; x_wconf 92' lang='lat' dir='ltr'><strong>cum</strong></span> <span class='ocrx_word' id='word_1_216' title='bbox 511 2821 652 2866; x_wconf 83' lang='lat' dir='ltr'><strong>conexus</strong></span> <span class='ocrx_word' id='word_1_217' title='bbox 676 2801 831 2866; x_wconf 89' lang='lat' dir='ltr'><strong>orationis</strong></span> <span class='ocrx_word' id='word_1_218' title='bbox 856 2800 1016 2888; x_wconf 82' lang='lat' dir='ltr'><strong>obliquae,</strong></span> <span class='ocrx_word' id='word_1_219' title='bbox 1040 2820 1104 2884; x_wconf 92' lang='lat' dir='ltr'><strong>qua</strong></span> <span class='ocrx_word' id='word_1_220' title='bbox 1126 2807 1195 2866; x_wconf 88' lang='lat' dir='ltr'><strong>tota</strong></span> <span class='ocrx_word' id='word_1_221' title='bbox 1218 2801 1299 2866; x_wconf 90' lang='lat' dir='ltr'><strong>haec</strong></span> <span class='ocrx_word' id='word_1_222' title='bbox 1313 2800 1425 2869; x_wconf 81' lang='lat' dir='ltr'><strong>tabula</strong></span> 
     </span>
     <span class='ocr_line' id='line_1_24' title="bbox 201 2906 1311 2993; baseline 0.002 -23"><span class='ocrx_word' id='word_1_223' title='bbox 201 2908 243 2972; x_wconf 89' lang='lat' dir='ltr'><strong>ab</strong></span> <span class='ocrx_word' id='word_1_224' title='bbox 266 2906 441 2973; x_wconf 89' lang='lat' dir='ltr'><strong>Heraclide</strong></span> <span class='ocrx_word' id='word_1_225' title='bbox 464 2908 598 2974; x_wconf 89' lang='lat' dir='ltr'><strong>Pontico</strong></span> <span class='ocrx_word' id='word_1_226' title='bbox 623 2914 750 2993; x_wconf 88' lang='lat' dir='ltr'><strong>sumpta</strong></span> <span class='ocrx_word' id='word_1_227' title='bbox 772 2915 930 2992; x_wconf 86' lang='lat' dir='ltr'><strong>narratur,</strong></span> <span class='ocrx_word' id='word_1_228' title='bbox 952 2907 1008 2973; x_wconf 94' lang='lat' dir='ltr'><strong>illo</strong></span> <span class='ocrx_word' id='word_1_229' title='bbox 1026 2913 1138 2991; x_wconf 75' lang='lat' dir='ltr'><strong>semaei</strong></span> <span class='ocrx_word' id='word_1_230' title='bbox 1160 2909 1311 2975; x_wconf 90' lang='lat' dir='ltr'><strong>turbetur.</strong></span> 
     </span>
    </p>
   </div>
   <div class='ocr_carea' id='block_1_3' title="bbox 200 3030 1432 4620">
    <p class='ocr_par' dir='ltr' id='par_1_4' title="bbox 200 3030 1432 4620">
     <span class='ocr_line' id='line_1_25' title="bbox 291 3030 1425 3116; baseline 0.002 -21"><span class='ocrx_word' id='word_1_231' title='bbox 291 3030 333 3095; x_wconf 77' lang='lat'><strong>25</strong></span> <span class='ocrx_word' id='word_1_232' title='bbox 364 3035 404 3098; x_wconf 89' lang='lat'><strong>18</strong></span> <span class='ocrx_word' id='word_1_233' title='bbox 433 3052 501 3116; x_wconf 88' lang='lat' dir='ltr'><strong>sqq.</strong></span> <span class='ocrx_word' id='word_1_234' title='bbox 551 3030 672 3112; x_wconf 86' lang='lat' dir='ltr'><strong>itaquo</strong></span> <span class='ocrx_word' id='word_1_235' title='bbox 708 3050 812 3112; x_wconf 85' lang='lat' dir='ltr'><strong>quam</strong></span> <span class='ocrx_word' id='word_1_236' title='bbox 851 3030 1083 3096; x_wconf 85' lang='lat' dir='ltr'><strong>uehementer</strong></span> <span class='ocrx_word' id='word_1_237' title='bbox 1119 3049 1220 3097; x_wconf 88' lang='lat' dir='ltr'><strong>amor</strong></span> <span class='ocrx_word' id='word_1_238' title='bbox 1256 3049 1335 3097; x_wconf 90' lang='lat' dir='ltr'><strong>eum</strong></span> <span class='ocrx_word' id='word_1_239' title='bbox 1373 3034 1425 3098; x_wconf 86' lang='lat' dir='ltr'><strong>in·</strong></span> 
     </span>
     <span class='ocr_line' id='line_1_26' title="bbox 202 3137 1426 3223; baseline 0.002 -19"><span class='ocrx_word' id='word_1_240' title='bbox 202 3138 363 3204; x_wconf 82' lang='lat' dir='ltr'><strong>canderit</strong></span> <span class='ocrx_word' id='word_1_241' title='bbox 376 3137 505 3222; x_wconf 82' lang='lat' dir='ltr'><strong>Pyrois</strong></span> <span class='ocrx_word' id='word_1_242' title='bbox 528 3137 584 3203; x_wconf 88' lang='lat' dir='ltr'><strong>cst</strong></span> <span class='ocrx_word' id='word_1_243' title='bbox 606 3137 807 3220; x_wconf 84' lang='lat' dir='ltr'><strong>appellatus</strong></span> <span class='ocrx_word' id='word_1_244' title='bbox 826 3139 960 3223; x_wconf 91' lang='lat' dir='ltr'><strong>scholia,</strong></span> <span class='ocrx_word' id='word_1_245' title='bbox 984 3159 1056 3205; x_wconf 90' lang='lat' dir='ltr'><strong>cum</strong></span> <span class='ocrx_word' id='word_1_246' title='bbox 1069 3140 1104 3205; x_wconf 91' lang='lat' dir='ltr'><strong>in</strong></span> <span class='ocrx_word' id='word_1_247' title='bbox 1116 3144 1152 3206; x_wconf 91' lang='lat' dir='ltr'><em>X</em></span> <span class='ocrx_word' id='word_1_248' title='bbox 1162 3140 1312 3205; x_wconf 88' lang='lat' dir='ltr'><strong>uideatur</strong></span> <span class='ocrx_word' id='word_1_249' title='bbox 1325 3141 1426 3207; x_wconf 84' lang='lat' dir='ltr'><strong>fuisse</strong></span> 
     </span>
     <span class='ocr_line' id='line_1_27' title="bbox 200 3249 1426 3333; baseline 0.002 -22"><span class='ocrx_word' id='word_1_250' title='bbox 200 3252 302 3332; x_wconf 82' lang='lat' dir='ltr'><strong>itaque</strong></span> <span class='ocrx_word' id='word_1_251' title='bbox 328 3268 396 3311; x_wconf 83' lang='lat' dir='ltr'><strong>eam</strong></span> <span class='ocrx_word' id='word_1_252' title='bbox 422 3268 454 3310; x_wconf 83' lang='lat' dir='ltr'><strong>a.</strong></span> <span class='ocrx_word' id='word_1_253' title='bbox 478 3270 506 3312; x_wconf 90' lang='lat' dir='ltr'><strong>a.</strong></span> <span class='ocrx_word' id='word_1_254' title='bbox 531 3269 557 3311; x_wconf 87' lang='lat' dir='ltr'><strong>e.</strong></span> <span class='ocrx_word' id='word_1_255' title='bbox 584 3249 765 3329; x_wconf 69' lang='lat' dir='ltr'><strong>torcularet,</strong></span> <span class='ocrx_word' id='word_1_256' title='bbox 793 3249 968 3330; x_wconf 74' lang='lat' dir='ltr'><strong>eipoificcas</strong></span> <span class='ocrx_word' id='word_1_257' title='bbox 995 3269 1011 3312; x_wconf 89' lang='lat' dir='ltr'><strong>c</strong></span> <span class='ocrx_word' id='word_1_258' title='bbox 1031 3253 1119 3332; x_wconf 80' lang='lat' dir='ltr'><strong>facto</strong></span> <span class='ocrx_word' id='word_1_259' title='bbox 1146 3252 1263 3314; x_wconf 83' lang='lat' dir='ltr'><strong>stelhrm</strong></span> <span class='ocrx_word' id='word_1_260' title='bbox 1290 3251 1426 3333; x_wconf 75' lang='lat' dir='ltr'><strong>Pyrioao</strong></span> 
     </span>
     <span class='ocr_line' id='line_1_28' title="bbox 201 3352 1425 3439; baseline 0.002 -20"><span class='ocrx_word' id='word_1_261' title='bbox 201 3357 374 3438; x_wconf 84' lang='lat' dir='ltr'><strong>cppclhroit.</strong></span> <span class='ocrx_word' id='word_1_262' title='bbox 430 3360 601 3438; x_wconf 86' lang='lat' dir='ltr'><strong>praeterea</strong></span> <span class='ocrx_word' id='word_1_263' title='bbox 632 3352 830 3420; x_wconf 88' lang='lat' dir='ltr'><strong>arcessenda</strong></span> <span class='ocrx_word' id='word_1_264' title='bbox 866 3361 940 3419; x_wconf 91' lang='lat' dir='ltr'><strong>sunt</strong></span> <span class='ocrx_word' id='word_1_265' title='bbox 972 3354 1097 3420; x_wconf 89' lang='lat' dir='ltr'><strong>scholia</strong></span> <span class='ocrx_word' id='word_1_266' title='bbox 1130 3355 1425 3439; x_wconf 82' lang='lat' dir='ltr'><strong>Sangermanensia</strong></span> 
     </span>
     <span class='ocr_line' id='line_1_29' title="bbox 203 3461 1426 3547; baseline 0.002 -21"><span class='ocrx_word' id='word_1_267' title='bbox 203 3464 246 3547; x_wconf 89' lang='lat' dir='ltr'><strong>(p.</strong></span> <span class='ocrx_word' id='word_1_268' title='bbox 270 3464 387 3545; x_wconf 69' lang='lat' dir='ltr'><strong>229,st</strong></span> <span class='ocrx_word' id='word_1_269' title='bbox 418 3481 465 3545; x_wconf 92' lang='lat' dir='ltr'><strong>sq.</strong></span> <span class='ocrx_word' id='word_1_270' title='bbox 493 3461 545 3529; x_wconf 90' lang='lat' dir='ltr'><strong>ed.</strong></span> <span class='ocrx_word' id='word_1_271' title='bbox 573 3461 693 3546; x_wconf 90' lang='lat' dir='ltr'><strong>Breys.,</strong></span> <span class='ocrx_word' id='word_1_272' title='bbox 722 3461 836 3528; x_wconf 90' lang='lat' dir='ltr'><strong>eadem</strong></span> <span class='ocrx_word' id='word_1_273' title='bbox 864 3462 897 3526; x_wconf 91' lang='lat' dir='ltr'><strong>in</strong></span> <span class='ocrx_word' id='word_1_274' title='bbox 924 3465 956 3526; x_wconf 88' lang='lat' dir='ltr'><em>D</em></span> <span class='ocrx_word' id='word_1_275' title='bbox 983 3469 1113 3528; x_wconf 86' lang='lat' dir='ltr'><strong>seruata</strong></span> <span class='ocrx_word' id='word_1_276' title='bbox 1139 3462 1205 3527; x_wconf 90' lang='lat' dir='ltr'><strong>iam</strong></span> <span class='ocrx_word' id='word_1_277' title='bbox 1229 3467 1245 3547; x_wconf 86' lang='grc' dir='ltr'>β</span> <span class='ocrx_word' id='word_1_278' title='bbox 1273 3464 1307 3528; x_wconf 88' lang='lat' dir='ltr'><strong>in</strong></span> <span class='ocrx_word' id='word_1_279' title='bbox 1333 3484 1426 3528; x_wconf 91' lang='lat' dir='ltr'><strong>usum</strong></span> 
     </span>
     <span class='ocr_line' id='line_1_30' title="bbox 202 3567 1426 3653; baseline 0.002 -21"><span class='ocrx_word' id='word_1_280' title='bbox 202 3567 343 3649; x_wconf 90' lang='lat' dir='ltr'><strong>uocauit)</strong></span> <span class='ocrx_word' id='word_1_281' title='bbox 359 3567 392 3631; x_wconf 91' lang='lat' dir='ltr'><strong>in</strong></span> <span class='ocrx_word' id='word_1_282' title='bbox 409 3568 523 3650; x_wconf 88' lang='lat' dir='ltr'><strong>quihus</strong></span> <span class='ocrx_word' id='word_1_283' title='bbox 539 3568 629 3634; x_wconf 89' lang='lat' dir='ltr'><strong>locus</strong></span> <span class='ocrx_word' id='word_1_284' title='bbox 652 3569 700 3634; x_wconf 90' lang='lat' dir='ltr'><strong>ita</strong></span> <span class='ocrx_word' id='word_1_285' title='bbox 714 3575 765 3634; x_wconf 90' lang='lat' dir='ltr'><strong>est</strong></span> <span class='ocrx_word' id='word_1_286' title='bbox 786 3569 938 3634; x_wconf 89' lang='lat' dir='ltr'><strong>traditus:</strong></span> <span class='ocrx_word' id='word_1_287' title='bbox 963 3578 992 3634; x_wconf 89' lang='lat' dir='ltr'><strong>ct</strong></span> <span class='ocrx_word' id='word_1_288' title='bbox 1004 3572 1076 3653; x_wconf 82' lang='lat' dir='ltr'><strong>qaia</strong></span> <span class='ocrx_word' id='word_1_289' title='bbox 1089 3572 1279 3636; x_wconf 78' lang='lat' dir='ltr'><strong>aehcnaeotcr</strong></span> <span class='ocrx_word' id='word_1_290' title='bbox 1291 3592 1426 3636; x_wconf 81' lang='lat' dir='ltr'><strong>morsum</strong></span> 
     </span>
     <span class='ocr_line' id='line_1_31' title="bbox 202 3673 1427 3763; baseline 0.002 -23"><span class='ocrx_word' id='word_1_291' title='bbox 202 3674 264 3753; x_wconf 78' lang='lat' dir='ltr'><strong>(sic</strong></span> <span class='ocrx_word' id='word_1_292' title='bbox 287 3676 318 3737; x_wconf 87' lang='lat' dir='ltr'><em>D</em></span> <span class='ocrx_word' id='word_1_293' title='bbox 341 3680 373 3740; x_wconf 90' lang='lat' dir='ltr'><strong>et</strong></span> <span class='ocrx_word' id='word_1_294' title='bbox 401 3673 494 3739; x_wconf 90' lang='lat' dir='ltr'><strong>codd.</strong></span> <span class='ocrx_word' id='word_1_295' title='bbox 524 3695 634 3741; x_wconf 92' lang='lat' dir='ltr'><strong>omnes</strong></span> <span class='ocrx_word' id='word_1_296' title='bbox 661 3675 833 3760; x_wconf 81' lang='lat' dir='ltr'><strong>Breysigii,</strong></span> <span class='ocrx_word' id='word_1_297' title='bbox 861 3697 967 3741; x_wconf 82' lang='lat' dir='ltr'><strong>morsu</strong></span> <span class='ocrx_word' id='word_1_298' title='bbox 994 3675 1065 3742; x_wconf 90' lang='lat' dir='ltr'><strong>cod.</strong></span> <span class='ocrx_word' id='word_1_299' title='bbox 1089 3677 1217 3763; x_wconf 85' lang='lat' dir='ltr'><strong>Strczz,</strong></span> <span class='ocrx_word' id='word_1_300' title='bbox 1244 3700 1332 3743; x_wconf 84' lang='lat' dir='ltr'><strong>omer</strong></span> <span class='ocrx_word' id='word_1_301' title='bbox 1359 3701 1427 3742; x_wconf 79' lang='lat' dir='ltr'><strong>arm</strong></span> 
     </span>
     <span class='ocr_line' id='line_1_32' title="bbox 202 3781 1427 3870; baseline 0.002 -24"><span class='ocrx_word' id='word_1_302' title='bbox 202 3783 314 3866; x_wconf 90' lang='lat' dir='ltr'><strong>Breys.</strong></span> <span class='ocrx_word' id='word_1_303' title='bbox 337 3781 487 3863; x_wconf 85' lang='lat' dir='ltr'><strong>correxit)</strong></span> <span class='ocrx_word' id='word_1_304' title='bbox 511 3785 685 3864; x_wconf 75' lang='lat' dir='ltr'><strong>imatdcrit,</strong></span> <span class='ocrx_word' id='word_1_305' title='bbox 710 3785 823 3866; x_wconf 74' lang='lat' dir='ltr'><strong>Pyrois</strong></span> <span class='ocrx_word' id='word_1_306' title='bbox 845 3785 932 3848; x_wconf 81' lang='lat' dir='ltr'><strong>stclhr</strong></span> <span class='ocrx_word' id='word_1_307' title='bbox 954 3792 999 3848; x_wconf 83' lang='lat' dir='ltr'><strong>cst</strong></span> <span class='ocrx_word' id='word_1_308' title='bbox 1012 3784 1073 3866; x_wconf 82' lang='lat' dir='ltr'><strong>(sic</strong></span> <span class='ocrx_word' id='word_1_309' title='bbox 1090 3785 1303 3870; x_wconf 70' lang='lat' dir='ltr'><strong>G⁰G⁶Breys.,</strong></span> <span class='ocrx_word' id='word_1_310' title='bbox 1329 3785 1427 3850; x_wconf 88' lang='lat' dir='ltr'><strong>ceteri</strong></span> 
     </span>
     <span class='ocr_line' id='line_1_33' title="bbox 204 3888 1426 3976; baseline 0.003 -23"><span class='ocrx_word' id='word_1_311' title='bbox 204 3890 352 3954; x_wconf 90' lang='lat' dir='ltr'><strong>omittunt</strong></span> <span class='ocrx_word' id='word_1_312' title='bbox 374 3891 470 3969; x_wconf 84' lang='lat' dir='ltr'><strong>stello,</strong></span> <span class='ocrx_word' id='word_1_313' title='bbox 498 3892 539 3952; x_wconf 85' lang='lat' dir='ltr'><strong>sit</strong></span> <span class='ocrx_word' id='word_1_314' title='bbox 559 3909 617 3973; x_wconf 91' lang='lat' dir='ltr'><strong>pro</strong></span> <span class='ocrx_word' id='word_1_315' title='bbox 641 3897 686 3953; x_wconf 85' lang='lat' dir='ltr'><strong>est</strong></span> <span class='ocrx_word' id='word_1_316' title='bbox 707 3888 803 3954; x_wconf 73' lang='lat' dir='ltr'><strong>Brun.</strong></span> <span class='ocrx_word' id='word_1_317' title='bbox 828 3889 947 3955; x_wconf 84' lang='lat' dir='ltr'><strong>Strozz.</strong></span> <span class='ocrx_word' id='word_1_318' title='bbox 973 3891 1013 3974; x_wconf 81' lang='lat' dir='ltr'><strong>G)</strong></span> <span class='ocrx_word' id='word_1_319' title='bbox 1037 3894 1196 3976; x_wconf 71' lang='lat' dir='ltr'><strong>appellato.</strong></span> <span class='ocrx_word' id='word_1_320' title='bbox 1241 3893 1306 3957; x_wconf 89' lang='lat' dir='ltr'><strong>iam</strong></span> <span class='ocrx_word' id='word_1_321' title='bbox 1333 3891 1426 3958; x_wconf 90' lang='lat' dir='ltr'><strong>uides</strong></span> 
     </span>
     <span class='ocr_line' id='line_1_34' title="bbox 203 3994 1426 4082; baseline 0.003 -22"><span class='ocrx_word' id='word_1_322' title='bbox 203 3997 359 4060; x_wconf 89' lang='lat' dir='ltr'><strong>maiorem</strong></span> <span class='ocrx_word' id='word_1_323' title='bbox 387 3994 587 4061; x_wconf 86' lang='lat' dir='ltr'><strong>intercedere</strong></span> <span class='ocrx_word' id='word_1_324' title='bbox 615 3996 856 4063; x_wconf 89' lang='lat' dir='ltr'><strong>similitudinem</strong></span> <span class='ocrx_word' id='word_1_325' title='bbox 883 3998 1000 4064; x_wconf 91' lang='lat' dir='ltr'><strong>nostris</strong></span> <span class='ocrx_word' id='word_1_326' title='bbox 1028 3997 1162 4065; x_wconf 90' lang='lat' dir='ltr'><strong>scholiis</strong></span> <span class='ocrx_word' id='word_1_327' title='bbox 1192 4019 1265 4065; x_wconf 91' lang='lat' dir='ltr'><strong>cum</strong></span> <span class='ocrx_word' id='word_1_328' title='bbox 1288 4000 1426 4082; x_wconf 82' lang='lat' dir='ltr'><strong>Sangar-</strong></span> 
     </span>
     <span class='ocr_line' id='line_1_35' title="bbox 203 4089 1427 4192; baseline 0.002 -24"><span class='ocrx_word' id='word_1_329' title='bbox 203 4089 420 4188; x_wconf 90' lang='lat' dir='ltr'><strong>manensihus,</strong></span> <span class='ocrx_word' id='word_1_330' title='bbox 444 4103 477 4167; x_wconf 92' lang='lat' dir='ltr'><strong>in</strong></span> <span class='ocrx_word' id='word_1_331' title='bbox 501 4104 617 4187; x_wconf 90' lang='lat' dir='ltr'><strong>quihus</strong></span> <span class='ocrx_word' id='word_1_332' title='bbox 639 4103 782 4169; x_wconf 83' lang='lat' dir='ltr'><strong>maxima</strong></span> <span class='ocrx_word' id='word_1_333' title='bbox 800 4105 978 4190; x_wconf 82' lang='lat' dir='ltr'><strong>Hyginiani</strong></span> <span class='ocrx_word' id='word_1_334' title='bbox 1001 4105 1095 4171; x_wconf 90' lang='lat' dir='ltr'><strong>huius</strong></span> <span class='ocrx_word' id='word_1_335' title='bbox 1119 4107 1235 4192; x_wconf 89' lang='lat' dir='ltr'><strong>capitis</strong></span> <span class='ocrx_word' id='word_1_336' title='bbox 1258 4127 1344 4192; x_wconf 92' lang='lat' dir='ltr'><strong>pars,</strong></span> <span class='ocrx_word' id='word_1_337' title='bbox 1367 4126 1427 4181; x_wconf 90' lang='lat' dir='ltr'><strong>nec</strong></span> 
     </span>
     <span class='ocr_line' id='line_1_36' title="bbox 203 4209 1427 4299; baseline 0.002 -23"><span class='ocrx_word' id='word_1_338' title='bbox 203 4232 276 4277; x_wconf 90' lang='lat' dir='ltr'><strong>raro</strong></span> <span class='ocrx_word' id='word_1_339' title='bbox 287 4209 331 4276; x_wconf 89' lang='lat' dir='ltr'><strong>ad</strong></span> <span class='ocrx_word' id='word_1_340' title='bbox 345 4211 478 4276; x_wconf 88' lang='lat' dir='ltr'><strong>uerbum</strong></span> <span class='ocrx_word' id='word_1_341' title='bbox 492 4211 655 4296; x_wconf 84' lang='lat' dir='ltr'><strong>exscripta</strong></span> <span class='ocrx_word' id='word_1_342' title='bbox 670 4217 776 4277; x_wconf 86' lang='lat' dir='ltr'><strong>exstat</strong></span> <span class='ocrx_word' id='word_1_343' title='bbox 791 4215 833 4292; x_wconf 83' lang='lat' dir='ltr'><strong>(u.</strong></span> <span class='ocrx_word' id='word_1_344' title='bbox 842 4212 953 4297; x_wconf 89' lang='lat' dir='ltr'><strong>Breys.</strong></span> <span class='ocrx_word' id='word_1_345' title='bbox 968 4212 1012 4278; x_wconf 91' lang='lat' dir='ltr'><strong>ad</strong></span> <span class='ocrx_word' id='word_1_346' title='bbox 1021 4235 1051 4299; x_wconf 92' lang='lat' dir='ltr'><strong>p.</strong></span> <span class='ocrx_word' id='word_1_347' title='bbox 1065 4218 1144 4296; x_wconf 70' lang='lat'><strong>1853</strong></span> <span class='ocrx_word' id='word_1_348' title='bbox 1159 4215 1279 4280; x_wconf 87' lang='lat' dir='ltr'><strong>Robert</strong></span> <span class='ocrx_word' id='word_1_349' title='bbox 1292 4235 1323 4298; x_wconf 93' lang='lat' dir='ltr'><strong>p.</strong></span> <span class='ocrx_word' id='word_1_350' title='bbox 1338 4217 1427 4292; x_wconf 80' lang='lat'><strong>204).</strong></span> 
     </span>
     <span class='ocr_line' id='line_1_37' title="bbox 204 4319 1428 4404; baseline -0.001 -19"><span class='ocrx_word' id='word_1_351' title='bbox 204 4319 350 4385; x_wconf 91' lang='lat' dir='ltr'><strong>codicem</strong></span> <span class='ocrx_word' id='word_1_352' title='bbox 374 4325 490 4403; x_wconf 84' lang='lat' dir='ltr'><strong>autem,</strong></span> <span class='ocrx_word' id='word_1_353' title='bbox 519 4339 646 4402; x_wconf 87' lang='lat' dir='ltr'><strong>exque</strong></span> <span class='ocrx_word' id='word_1_354' title='bbox 670 4319 751 4386; x_wconf 90' lang='lat' dir='ltr'><strong>haec</strong></span> <span class='ocrx_word' id='word_1_355' title='bbox 775 4328 928 4404; x_wconf 83' lang='lat' dir='ltr'><strong>excerpta</strong></span> <span class='ocrx_word' id='word_1_356' title='bbox 951 4326 1025 4387; x_wconf 91' lang='lat' dir='ltr'><strong>sunt</strong></span> <span class='ocrx_word' id='word_1_357' title='bbox 1047 4341 1068 4385; x_wconf 83' lang='lat' dir='ltr'><strong>a</strong></span> <span class='ocrx_word' id='word_1_358' title='bbox 1091 4321 1276 4404; x_wconf 82' lang='lat' dir='ltr'><strong>magistello</strong></span> <span class='ocrx_word' id='word_1_359' title='bbox 1299 4321 1428 4404; x_wconf 88' lang='lat' dir='ltr'><strong>loquaci</strong></span> 
     </span>
     <span class='ocr_line' id='line_1_38' title="bbox 204 4424 1432 4511; baseline 0.002 -21"><span class='ocrx_word' id='word_1_360' title='bbox 204 4432 236 4490; x_wconf 90' lang='lat' dir='ltr'><strong>et</strong></span> <span class='ocrx_word' id='word_1_361' title='bbox 267 4424 417 4511; x_wconf 91' lang='lat' dir='ltr'><strong>insipido,</strong></span> <span class='ocrx_word' id='word_1_362' title='bbox 450 4425 562 4492; x_wconf 88' lang='lat' dir='ltr'><strong>codice</strong></span> <span class='ocrx_word' id='word_1_363' title='bbox 593 4428 629 4489; x_wconf 87' lang='lat' dir='ltr'><em>X</em></span> <span class='ocrx_word' id='word_1_364' title='bbox 658 4427 928 4511; x_wconf 88' lang='lat' dir='ltr'><strong>praestantiorem</strong></span> <span class='ocrx_word' id='word_1_365' title='bbox 961 4434 992 4493; x_wconf 88' lang='lat' dir='ltr'><strong>ot</strong></span> <span class='ocrx_word' id='word_1_366' title='bbox 1024 4427 1211 4493; x_wconf 89' lang='lat' dir='ltr'><strong>similiorem</strong></span> <span class='ocrx_word' id='word_1_367' title='bbox 1244 4428 1365 4493; x_wconf 86' lang='lat' dir='ltr'><strong>codicis</strong></span> <span class='ocrx_word' id='word_1_368' title='bbox 1404 4430 1432 4492; x_wconf 89' lang='lat' dir='ltr'><em>Y</em></span> 
     </span>
     <span class='ocr_line' id='line_1_39' title="bbox 204 4532 1426 4620; baseline 0.003 -23"><span class='ocrx_word' id='word_1_369' title='bbox 204 4533 304 4598; x_wconf 89' lang='lat' dir='ltr'><strong>fuisse</strong></span> <span class='ocrx_word' id='word_1_370' title='bbox 328 4533 425 4599; x_wconf 89' lang='lat' dir='ltr'><strong>etiam</strong></span> <span class='ocrx_word' id='word_1_371' title='bbox 449 4553 489 4597; x_wconf 86' lang='lat' dir='ltr'><strong>ex</strong></span> <span class='ocrx_word' id='word_1_372' title='bbox 512 4532 588 4598; x_wconf 91' lang='lat' dir='ltr'><strong>aliis</strong></span> <span class='ocrx_word' id='word_1_373' title='bbox 611 4534 773 4600; x_wconf 89' lang='lat' dir='ltr'><strong>nonnullis</strong></span> <span class='ocrx_word' id='word_1_374' title='bbox 795 4534 877 4600; x_wconf 90' lang='lat' dir='ltr'><strong>locis</strong></span> <span class='ocrx_word' id='word_1_375' title='bbox 900 4541 1006 4620; x_wconf 91' lang='lat' dir='ltr'><strong>potest</strong></span> <span class='ocrx_word' id='word_1_376' title='bbox 1029 4534 1192 4600; x_wconf 89' lang='lat' dir='ltr'><strong>concludi:</strong></span> <span class='ocrx_word' id='word_1_377' title='bbox 1215 4555 1290 4620; x_wconf 86' lang='lat' dir='ltr'><strong>pag.</strong></span> <span class='ocrx_word' id='word_1_378' title='bbox 1309 4539 1426 4620; x_wconf 79' lang='lat' dir='ltr'><strong>228,2l</strong></span> 
     </span>
    </p>
   </div>
   <div class='ocr_carea' id='block_1_4' title="bbox 208 4639 1429 4803">
    <p class='ocr_par' dir='ltr' id='par_1_5' title="bbox 208 4639 1429 4803">
     <span class='ocr_line' id='line_1_40' title="bbox 208 4639 1429 4725; baseline 0.003 -20"><span class='ocrx_word' id='word_1_379' title='bbox 208 4670 243 4696; x_wconf 97' lang='lat'>=</span> <span class='ocrx_word' id='word_1_380' title='bbox 271 4639 337 4705; x_wconf 90' lang='lat' dir='ltr'><strong>sch.</strong></span> <span class='ocrx_word' id='word_1_381' title='bbox 360 4660 391 4704; x_wconf 89' lang='lat' dir='ltr'><strong>u.</strong></span> <span class='ocrx_word' id='word_1_382' title='bbox 418 4643 459 4706; x_wconf 79' lang='lat'><strong>12</strong></span> <span class='ocrx_word' id='word_1_383' title='bbox 488 4639 613 4706; x_wconf 89' lang='lat' dir='ltr'><strong>scholia</strong></span> <span class='ocrx_word' id='word_1_384' title='bbox 636 4641 735 4725; x_wconf 83' lang='lat' dir='ltr'><strong>Sang.</strong></span> <span class='ocrx_word' id='word_1_385' title='bbox 764 4648 852 4708; x_wconf 91' lang='lat' dir='ltr'><strong>recte</strong></span> <span class='ocrx_word' id='word_1_386' title='bbox 883 4641 1004 4708; x_wconf 89' lang='lat' dir='ltr'><strong>habent</strong></span> <span class='ocrx_word' id='word_1_387' title='bbox 1030 4644 1184 4724; x_wconf 63' lang='lat' dir='ltr'><strong>madeat,</strong></span> <span class='ocrx_word' id='word_1_388' title='bbox 1213 4649 1246 4708; x_wconf 90' lang='lat' dir='ltr'><strong>et</strong></span> <span class='ocrx_word' id='word_1_389' title='bbox 1272 4643 1305 4707; x_wconf 89' lang='lat' dir='ltr'><strong>in</strong></span> <span class='ocrx_word' id='word_1_390' title='bbox 1334 4663 1429 4710; x_wconf 90' lang='lat' dir='ltr'><strong>uersu</strong></span> 
     </span>
     <span class='ocr_line' id='line_1_41' title="bbox 1236 4748 1269 4803; baseline 0 -22"><span class='ocrx_word' id='word_1_391' title='bbox 1236 4748 1269 4803; x_wconf 75' lang='lat'><strong>5*</strong></span> 
     </span>
    </p>
   </div>
   <div class='ocr_carea' id='block_1_5' title="bbox 0 0 1641 5040">
    <p class='ocr_par' dir='ltr' id='par_1_6' title="bbox 0 0 1641 5040">
     <span class='ocr_line' id='line_1_42' title="bbox 0 0 1641 5040; baseline 0 0"><span class='ocrx_word' id='word_1_392' title='bbox 0 0 1641 5040; x_wconf 95' lang='lat' dir='ltr'><strong> </strong></span> 
     </span>
    </p>
   </div>
  </div>
 </body>
</html>
