3254 5040
732 366 750 370 ..
808 282 845 337 14

209 480 354 534 ueterum
378 467 499 550 scripta
527 469 697 551 isagogicis
720 487 842 550 graeca
865 476 898 532 et
921 468 1090 554 latina'.2²)
1128 469 1258 535 codices
1283 489 1318 535 se
1347 490 1436 535 usur-

210 597 308 661 passe
332 574 411 639 dicit
431 574 584 639 Morelius
609 574 698 639 ‘duos
722 575 1037 659 praestantissimos,
1061 576 1198 640 alterurn
1220 577 1394 659 meliorem,
1419 597 1437 641 e

211 682 407 747 bibliotheca
437 681 638 764 Salignaeei‚
671 683 809 746 alterum
840 682 935 745 amici
964 683 1144 767 cuiuspiam
1171 683 1314 748 alterins.
1356 704 1437 766 quos

210 790 283 853 ‘non
305 788 407 854 fuisse
430 798 497 851 tani
520 794 724 871 praestantes
752 809 850 870 quam
873 790 1010 871 putabat
1033 789 1104 873 ipse
1133 789 1330 872 credereque
1354 790 1437 854 alios

210 896 361 979 uolebat,
398 915 593 976 quamquam
629 902 715 959 recte
748 895 930 960 Schefferus
968 896 1218 981 obseruauit‚2³)
1256 906 1364 962 tamen
1396 898 1437 961 iis

210 1010 378 1087 praestare
393 1002 508 1083 quibus
524 1001 662 1084 primum
676 1001 825 1084 Hyginus
844 1003 1025 1067 innotuerat
1040 1023 1080 1067 ex
1095 1003 1242 1068 codicum
1257 1012 1438 1068 nostrorum

212 1109 442 1195 conparatione
466 1107 670 1190 intellegitur.
708 1108 741 1171 id
766 1110 860 1173 simul
883 1116 1029 1193 apparet,
1053 1109 1227 1192 quodiam
1242 1110 1437 1175 Munckerus

210 1217 375 1300 perspexit
399 1221 548 1297 quattuor
565 1214 691 1278 illorum
711 1214 858 1279 codicum
873 1215 960 1281 Ulitt
986 1217 1145 1300 excerptis
1168 1216 1269 1299 nisus,
1293 1227 1436 1281 nontam

211 1333 339 1406 temere,
364 1342 459 1405 quam
483 1322 618 1405 putabat
638 1321 822 1386 Sebefferus
846 1322 1012 1387 codicibus
1036 1322 1106 1406 ipse
1131 1322 1312 1405 destitutus,
1336 1324 1438 1388 multa

210 1452 232 1494 a
261 1429 393 1494 llorelio
421 1430 579 1493 inmutata
608 1448 681 1493 esse
709 1429 768 1493 sed
795 1450 909 1495 reuera
939 1430 1085 1494 codicum
1114 1431 1337 1496 auctoritatem
1366 1451 1438 1495 eum

211 1557 286 1602 esse
301 1543 456 1601 secutum.
495 1534 679 1599 Schcfferus
703 1542 809 1600 autern
833 1545 1005 1620 propterea
1029 1536 1239 1602 0010011010ιο
1263 1537 1439 1600 editionum
1545 1605 1548 1609 ,

212 1645 367 1708 lectiones
382 1662 457 1706 uere
472 1642 676 1725 Hyginianas
701 1661 774 1707 esse
793 1642 892 1726 duxit,
916 1642 1003 1724 quod
1027 1643 1056 1705 ei
1081 1663 1179 1726 saepe
1199 1643 1304 1725 magis
1320 1643 1438 1707 cadere

213 1841 425 1852 --——---—

304 1943 338 2009 ²2)
359 1945 446 1998 Buhle
461 1944 552 2005 tArati
565 1945 664 2012 phaen.
680 1945 733 1997 nol.
749 1944 762 1997 I
776 1963 802 2012 p.
817 1945 919 2007 XXIII)
938 1948 1047 2012 praeter
1065 1945 1137 1998 hanc
1150 1946 1299 1999 editionem
1318 1944 1439 1998 eiusdem

212 2035 279 2090 anni
308 2034 397 2088 adfert
421 2034 612 2086 Astronomica
636 2036 762 2087 ueterum
790 2035 824 2087 ab
848 2033 1015 2102 Hieronymo
1044 2042 1109 2100 [non
1132 2033 1246 2098 Ioanne]
1271 2033 1439 2087 Cornmelino

209 2125 296 2187 edita,
324 2140 395 2190 quae
423 2123 513 2190 ipsum
540 2139 596 2175 non
624 2122 725 2176 uidisse
753 2125 876 2191 apparet.
923 2123 1038 2176 eandem
1064 2122 1122 2176 'esse
1149 2127 1308 2190 utramque,
1336 2123 1382 2176 sed
1410 2125 1440 2176 in

211 2212 352 2267 uorrnullis
375 2211 577 2279 exemplaribus
597 2211 726 2264 editionis
744 2211 820 2264 illius
831 2229 965 2280 perraras
983 2229 1032 2280 pro
1057 2213 1097 2265 ‘In
1115 2213 1225 2266 officina
1243 2211 1439 2265 Commeliana'

209 2309 318 2356 exstare
347 2302 387 2353 ‘In
415 2301 524 2353 officina
548 2300 780 2354 Sanctandreana'
810 2303 882 2354 recte
910 2304 942 2354 ut
970 2300 1080 2354 uidetur
1107 2303 1227 2354 testatur
1250 2301 1322 2352 Frid.
1347 2301 1439 2354 Scholl

210 2391 307 2445 Gesch.
327 2390 352 2442 d.
373 2390 474 2457 griech.
495 2389 561 2443 11111.
583 2389 630 2441 Bd.
651 2389 664 2442 I
682 2390 769 2442 iibers.
789 2407 813 2442 v.
835 2369 1439 2457 1180111101ΖοΙ).(ΧΧΙΙΙ)01Ῑ).1ΧΧ1Ἦ1.

304 2512 339 2578 ²⁸)
360 2514 464 2568 Horum
484 2513 615 2575 codicum,
635 2531 752 2581 quorum
776 2513 906 2567 lectiones
925 2513 1072 2566 nonnullas
1091 2513 1205 2567 editioni
1226 2531 1291 2567 suae
1309 2513 1439 2567 Morelius

209 2603 364 2674 subiungit,
393 2604 463 2657 alter
486 2619 582 2656 reuera
605 2603 716 2656 uidetur
740 2602 860 2656 melioris
885 2604 968 2656 notae
986 2602 1082 2666 fuisse,
1112 2602 1159 2656 sed
1182 2602 1287 2656 errauit
1306 2603 1435 2655 Morelius

210 2713 274 2748 cum
292 2693 358 2747 huie
376 2693 481 2761 potiore
499 2691 666 2746 anctoritate
689 2708 744 2745 non
763 2691 901 2745 attributa
924 2694 1072 2760 utrumque
1095 2709 1182 2759 aequo
1206 2692 1266 2746 iure
1285 2696 1438 2760 usurparet.

211 2782 363 2837 Schefferus
395 2785 504 2850 praeter
535 2783 584 2834 hos
611 2781 719 2834 Morelii
752 2781 856 2835 codices
888 2781 990 2849 passim
1022 2781 1119 2835 laudat
1151 2781 1282 2835 lectiones
1312 2781 1441 2834 codicis

213 2871 386 2925 Francisci
405 2871 510 2923 Medii
529 2871 563 2924 ab
579 2872 629 2924 hoc
647 2871 707 2923 uiro
721 2870 852 2938 uulgatus
871 2870 900 2923 in
919 2870 989 2923 libro
1008 2870 1057 2937 qui
1071 2871 1231 2924 inscribitur
1245 2870 1442 2938 Nonantiquue

215 2961 344 3014 lectiones
372 2959 555 3024 (Francot'urti
580 2960 670 3023 158411.
700 2959 747 3025 qui
776 2959 858 3011 codex
882 2988 917 2994 -
941 2976 1005 3010 nam
1035 2977 1120 3011 unum
1148 2962 1258 3013 tantum
1284 2959 1308 3011 ei
1332 2963 1441 3026 praesto

213 3049 297 3102 fuisse
312 3066 344 3101 ex
359 3066 391 3101 ea
405 3066 460 3115 qua
475 3048 504 3100 in
518 3047 664 3101 laudandis
678 3047 734 3100 illis
750 3047 931 3099 ‘membranis‘
947 3047 1038 3100 utitur
1051 3047 1159 3101 ratione
1172 3048 1242 3099 mibi
1256 3047 1351 3100 uideor
1365 3065 1442 3115 posse

213 3137 374 3191 concludere
380 3159 386 3199 ;
407 3137 476 3189 alius
491 3136 591 3190 codicis
605 3136 716 3190 uidetur
733 3135 902 3189 mentionem
915 3135 1004 3189 facere
1017 3154 1043 3203 p.
1060 3137 1110 3188 515
1130 3137 1177 3189 ubi
1192 3137 1238 3200 (ad
1252 3137 1324 3204 Hyg.
1339 3155 1365 3204 p.
1381 3137 1440 3200 675

215 3225 315 3292 Bunte]
334 3228 520 3295 Zephyritidis
548 3226 656 3279 ‘diserte
675 3225 742 3279 adeo
761 3225 788 3276 in
810 3224 1003 3291 antiquissimo
1022 3228 1093 3279 msto
1116 3225 1207 3279 codice
1226 3243 1280 3293 quo
1300 3226 1334 3278 ab
1353 3226 1442 3279 erudi-

213 3315 320 3368 tissimo
344 3315 365 3367 Ι.
383 3334 406 3388 c.
433 3312 551 3368 Suffrido
573 3315 651 3368 Petro
680 3313 853 3379 (Coloniensi,
878 3313 895 3365 l.
916 3331 937 3366 c.
957 3332 983 3381 p.
1004 3315 1049 3381 ¹29)
1077 3332 1141 3367 usus
1166 3314 1202 3368 sit
1230 3315 1391 3382 comprobari
1415 3333 1442 3368 se

215 3404 323 3457 uidisse*
352 3407 472 3457 testatur
497 3433 528 3440 -
554 3405 600 3457 hie
628 3404 715 3472 igitur
743 3403 826 3457 codex
854 3403 944 3470 qualis
976 3403 1060 3457 fuerit
1087 3408 1232 3472 propterea
1260 3402 1373 3456 difficile
1402 3411 1443 3456 est

214 3492 376 3555 diiudicata,
397 3493 469 3559 quod
489 3493 556 3560 quid
574 3493 600 3546 ei
619 3493 758 3555 debeatur,
779 3492 847 3559 quid
866 3508 880 3544 e
899 3492 1057 3546 coniectura
1071 3492 1178 3546 Medius
1197 3492 1349 3545 mutauem‘t
1363 3508 1443 3559 saepe

214 3586 256 3634 est
280 3581 423 3634 incertum.
468 3581 544 3648 lnam
566 3579 665 3636 codicis
690 3582 820 3636 lectiones
844 3581 900 3634 suis
924 3581 1085 3634 coniecturis
1109 3598 1172 3633 eum
1195 3583 1345 3648 temptasse
1369 3598 1394 3631 u.
1415 3597 1441 3647 g.

213 3671 305 3724 elucet
324 3670 404 3723 exiis
419 3688 489 3737 qnae
503 3689 529 3738 p.
545 3672 578 3724 48
594 3689 632 3740 sq.
649 3672 681 3724 de
695 3671 801 3740 Hygini
815 3672 873 3724 loco
884 3689 910 3738 p.
926 3672 1004 3733 41,15
1019 3669 1060 3722 ed.
1075 3669 1166 3722 Bunte
1185 3668 1313 3735 disserit]
1333 3668 1363 3721 id
1377 3685 1443 3722 uero

216 3776 294 3826 nego,
320 3759 517 3812 uetustioribus
541 3760 608 3814 meis
631 3777 694 3814 enm
717 3777 811 3829 parem
834 3759 918 3812 fnisse
940 3787 966 3794 -
990 3760 1023 3810 el‘.
1044 3774 1065 3810 e.
1087 3775 1113 3826 g.
1139 3774 1210 3824 quae
1234 3775 1259 3824 p.
1283 3758 1360 3821 100,4
1383 3774 1442 3826 per·

216 3864 310 3915 peram
337 3848 422 3900 habet
449 3848 554 3901 inserta
583 3849 634 3914 (‘ex
661 3850 884 3902 membranarum
910 3847 991 3915 penu'
1020 3844 1103 3911 Mod.)
1120 3868 1149 3890 =
1167 3848 1247 3898 BGF
1271 3849 1299 3899 01
1327 3865 1352 3914 p.
1382 3847 1444 3905 tal

216 3939 376 4002 lapidem:
388 3938 440 3988 BG
464 3936 507 3997 (de
526 3940 641 4005 utroque
661 3938 719 3991 loco
738 3956 764 3991 u.
784 3934 921 4002 Bursian.)
941 3963 976 3971 -
995 3937 1023 3988 01
1042 3934 1179 3989 1101011011
1189 3935 1245 3989 fere
1264 3935 1358 4005 generi
1381 3951 1443 3986 eum

216 4041 273 4078 esse
297 4024 497 4092 adsignandum
522 4041 654 4079 censeam.
692 4026 733 4079 ita
752 4025 930 4093 Micyllianae
953 4023 1117 4078 recensionis
1142 4025 1177 4078 ab
1202 4027 1228 4076 U
1246 4040 1301 4075 non
1324 4022 1443 4074 multum

217 4113 389 4167 abhorrentis
403 4113 510 4165 Modius
525 4117 553 4166 et
567 4113 717 4167 Schelierns
735 4131 790 4167 non
804 4131 905 4182 paucos
923 4112 995 4166 locos
1010 4130 1042 4166 ex
1056 4113 1147 4166 codiee
1161 4112 1209 4166 illo
1224 4110 1444 4164 emendauerunt

218 4235 251 4242 -
271 4219 293 4255 0.
317 4219 343 4270 g.
369 4200 439 4255 illud
462 4220 592 4255 1111010100
615 4203 689 4270 qnod
712 4203 741 4255 in
765 4205 822 4254 FU
842 4202 889 4255 nbi
913 4219 1035 4254 summae
1059 4201 1202 4255 stellarum
1227 4199 1366 4252 adduntur
1388 4198 1444 4252 fere

218 4292 321 4358 ubique
343 4290 459 4358 inrepsit
483 4292 519 4350 (u.
539 4309 622 4359 supra
640 4310 665 4359 p.
689 4294 731 4355 10)
755 4291 812 4344 iam
831 4290 938 4343 Modius
957 4289 994 4358 (p.
1013 4292 1076 4355 325)
1100 4289 1205 4342 delenit
1230 4291 1304 4340 -et
1328 4287 1445 4341 eundem

216 4380 331 4448 quidem
358 4379 387 4432 in
415 4378 526 4432 modum
553 4397 607 4446 quo
637 4380 666 4432 in
693 4379 919 4433 Sanctandreana
950 4381 1073 4441 exstant,
1106 4394 1192 4444 quare
1224 4376 1376 4443 suspicatus
1403 4380 1445 4430 est

217 4457 369 4523 Sclrcfferus
383 4468 468 4522 Medii
487 4468 607 4522 codicem
621 4469 693 4522 hanc
709 4468 859 4522 editionem
878 4468 1040 4536 parantibus
1058 4465 1095 4519 ad
1108 4482 1206 4518 manns
1225 4463 1307 4518 101000
1327 4463 1372 4531 (cf.
1384 4482 1406 4518 e.
1417 4482 1444 4533 g.

218 4575 290 4626 quae
309 4557 377 4611 dicit
396 4557 431 4611 ad
449 4575 494 4626 pp.
514 4558 601 4622 8213.
622 4559 683 4621 7653
702 4557 743 4611 ed.
762 4556 872 4621 Bunte).
