3254 5040
752 364 841 437 LXV

187 568 345 636 sententia
380 568 479 654 igitur
511 575 561 636 est
592 566 675 635 haec
702 568 899 653 ‘Engonasin
931 565 982 635 sui
1011 563 1106 654 pedis
1135 565 1224 634 ealce
1252 566 1411 634 Coronam

186 678 248 745 sibi
277 677 442 761 coniungit
469 677 490 742 i.
517 696 545 744 e.
573 677 698 760 tangit'
744 677 862 743 Buntei
893 696 971 742 uero
1003 675 1100 742 lectio
1134 676 1181 743 sic
1212 675 1411 759 intellegitur

186 784 240 866 (of.
263 807 317 871 pp.
340 787 425 865 8h‚8.
449 784 573 869 86,21):
607 804 679 850 eum
707 783 763 867 qui
790 784 979 867 Engonasin
1010 789 1147 849 uocatur
1178 782 1283 849 dextri
1315 781 1428 869 pedis.

186 891 276 958 calce
299 891 466 975 coniungit
490 928 528 939 —
555 891 650 975 quis?

274 1017 423 1102 Denique
460 1037 533 1084 cum
568 1015 713 1103 passiuis
750 1016 860 1082 formis
898 1016 996 1082 etiam
1032 1015 1307 1103 praepositionem
1343 1039 1411 1081 cum

185 1124 334 1210 Hyginus
363 1124 543 1208 coniungit:
572 1145 625 1210 pp.
650 1125 725 1210 84‚5
749 1124 873 1208 (Cyprii)
902 1126 1002 1190 cauda
1023 1127 1160 1207 iuapitur
1183 1132 1320 1188 eatrcuiu
1343 1146 1411 1188 cuni

186 1236 283 1317 capite
299 1233 417 1317 Cephei.
456 1234 530 1317 90,2
547 1234 661 1312 (Tauri
683 1252 778 1296 coruu
800 1232 972 1312 sinistrum)
997 1235 1190 1315 couiuuqitur
1212 1254 1280 1296 curu
1303 1234 1412 1295 deutra

180 1342 260 1423 pede
277 1340 423 1422 Aulique.
462 1346 573 1405 contra
587 1360 618 1424 p.
633 1341 729 1423 87‚16
752 1342 796 1404 ita
820 1347 921 1404 tamea
943 1347 978 1404 ut
1000 1348 1137 1406 eatrcma
1160 1341 1259 1404 cauda
1278 1339 1410 1421 (eripuis)

186 1449 335 1512 circulum
357 1448 607 1530 aequinoctialem
630 1467 699 1511 cum
712 1446 844 1534 Aquilae
867 1449 966 1511 cauda
988 1450 1094 1530 iurrqat
1117 1449 1274 1529 (iuuqotur
1287 1447 1327 1523 R)
1351 1445 1412 1509 hoe

187 1552 363 1636 significat:
388 1559 424 1619 ut
447 1552 563 1636 anguis
588 1572 648 1618 sua
672 1551 778 1618 cauda
800 1575 864 1618 uria
887 1575 955 1619 cuui
972 1553 1111 1636 Aquilae
1134 1551 1240 1618 cauda
1260 1550 1413 1617 circulum

187 1680 259 1744 aeq.
286 1660 373 1745 (sihi)
396 1660 511 1743 iungat
533 1660 554 1724 i.
578 1679 604 1725 e.
629 1660 803 1743 contingat.

278 1801 321 1867 19
348 1808 369 1870 3
396 1801 669 1884 aquosisslmum
693 1803 727 1868 in
760 1805 786 1867 Y
813 1803 1017 1870 coniecturae
1039 1803 1163 1869 librarii
1187 1799 1330 1890 debetur,
1359 1802 1413 1888 qui

188 1933 260 1979 cum
291 1915 508 1997 aequissimum
540 1909 618 1996 quid
650 1910 712 1977 sibi
743 1910 845 1978 uellet
878 1932 942 1977 non
975 1911 1204 1997 perspexisset
1236 1911 1413 1996 aquosissi·

187 2040 274 2084 mum
296 2019 407 2087 Nilum
430 2020 511 2085 satis
535 2019 616 2085 scite
640 2017 702 2084 sihi
725 2018 816 2084 uisus
840 2024 890 2084 est
918 2018 1095 2104 appellare.
1140 2019 1281 2085 dubitari
1305 2024 1414 2085 autem

187 2132 304 2211 potest,
327 2133 431 2193 utrum
445 2126 581 2209 uulgata
600 2125 697 2190 lectio
718 2124 888 2191 retinenda
911 2146 953 2190 an
975 2128 1009 2190 id
1029 2125 1235 2192 inserendum
1249 2127 1300 2194 sit.
1334 2147 1414 2194 sane

187 2232 236 2297 illi
264 2234 420 2319 epitomes
451 2233 552 2299 uerba
583 2231 678 2318 ἕτεροι
707 2233 739 2296 δέ
767 2255 839 2320 φασι
866 2233 1053 2299 δικαιότατον
1085 2230 1175 2300 αὐτὸν
1202 2232 1274 2299 εἶναι
1301 2231 1413 2301 Νεῖλον

190 2337 234 2426 (p.
251 2343 313 2408 178
329 2345 358 2426 ρ)
383 2340 514 2424 egregie
537 2340 787 2426 patrocinantur,
811 2359 895 2423 quae
919 2341 1100 2425 exemplum
1123 2360 1276 2423 graecum
1298 2340 1414 2407 inseite

189 2448 230 2513 ab
262 2447 393 2533 Hygino
425 2447 617 2513 translatum
650 2467 723 2513 esse
754 2445 905 2512 uidentur
937 2446 1166 2514 demonstrare.
1216 2447 1249 2511 in
1281 2446 1413 2514 scholiis

84 2635 87 2642 ,
188 2554 431 2622 Basileensibus
458 2555 520 2621 hoc
549 2554 655 2640 ipsum
682 2555 815 2620 uerbum
842 2560 1026 2639 corruptum
1053 2574 1126 2622 esse
1153 2553 1327 2621 dolendum
1356 2561 1414 2641 est,

190 2661 228 2728 of.
251 2662 456 2746 Breysigium
483 2684 514 2748 p.
546 2664 629 2746 98‚8‚
656 2660 690 2725 in
719 2681 783 2745 qua
812 2660 995 2747 corruptela
1022 2669 1079 2727 aut
1109 2665 1326 2747 aequissimum
1358 2668 1414 2728 aut

189 2772 315 2853 aequius
338 2791 408 2836 cum
431 2767 585 2852 (fortasse
608 2769 733 2851 legerat
756 2767 934 2835 scholiasta
957 2770 1158 2855 δικαιότερον),
1185 2768 1271 2852 quod
1294 2775 1413 2835 utrum-

190 2896 253 2959 que
275 2876 465 2961 Breysigius
490 2875 634 2960 coniecit,
657 2876 747 2941 latet.

281 2998 367 3066 195
395 3000 481 3066 urbs
509 3002 543 3082 Y,
573 2997 692 3064 insula
715 3003 757 3064 X.
805 2999 925 3085 duplex
956 3000 1038 3067 haec
1069 3000 1223 3066 memoria
1254 3001 1287 3066 ni
1319 3001 1415 3066 fallor

191 3116 263 3174 orta
286 3115 337 3174 est
359 3108 464 3174 altera
486 3114 559 3172 utra
582 3127 663 3173 uoce
686 3113 722 3173 ut
745 3106 857 3191 glossa
886 3106 1062 3193 adscripta.
1109 3109 1282 3191 genuinam
1305 3115 1414 3175 autem

189 3215 360 3282 lectionem
391 3215 490 3282 etiam
521 3214 583 3281 hoo
614 3215 686 3281 loco
718 3214 850 3282 scholiis
887 3221 1112 3282 conseruatam
1149 3235 1222 3282 esse
1259 3216 1415 3302 suspicor,

191 3322 359 3407 uolgatam
391 3323 568 3408 inrepsisse
604 3343 663 3408 per
695 3322 829 3389 sciolum
861 3323 1023 3406 quendam
1053 3324 1218 3408 lectorem,
1256 3323 1311 3407 qui
1343 3344 1415 3390 curn

191 3431 316 3498 insulas
329 3430 396 3498 Nili
419 3431 513 3498 ostiis
536 3431 667 3496 formari
689 3436 802 3497 nosset
823 3429 905 3496 illud
927 3434 1029 3496 iruulc
1053 3430 1235 3516 adscripsit,
1259 3431 1355 3497 simul
1377 3437 1414 3496 ut

192 3538 301 3623 aptius
325 3537 463 3604 insulam
487 3558 583 3621 quam
606 3539 718 3605 urbem
740 3536 871 3603 flumine
894 3537 974 3604 allui
997 3537 1165 3607 diceretur.

282 3680 322 3745 21
355 3683 374 3745 8
406 3681 444 3744 ln
475 3696 614 3747 summo
641 3681 822 3746 cacumine
850 3678 980 3746 circuli
1009 3697 1079 3762 quo
1107 3679 1296 3749 formatur.
1342 3682 1415 3747 loco

193 3788 330 3854 ablatiui
352 3803 421 3868 quo
445 3788 478 3852 in
492 3791 528 3852 X
547 3788 608 3854 fuit
630 3790 719 3874 quod,
742 3808 800 3874 pro
824 3808 887 3872 quo
911 3788 945 3852 in
968 3790 1033 3854 FU
1044 3790 1111 3854 edd.
1136 3788 1343 3855 substitutum
1366 3796 1417 3856 est

192 3898 245 3961 uhi
272 3897 337 3980 (qui
362 3895 416 3962 uel
443 3898 517 3980 quid
538 3896 705 3962 Munckeri
729 3895 868 3978 codd‘l).
918 3897 993 3962 huic
1025 3895 1145 3962 codicis
1172 3899 1209 3960 X
1232 3897 1416 3983 memoriae,

194 4023 278 4088 quae
300 4002 418 4071 idoneo
434 4023 532 4069 sensu
555 4010 653 4089 caret,
677 4006 694 4087 β
718 4003 838 4070 frustra
861 4004 908 4068 ita
929 4002 1053 4068 mederi
1076 4010 1212 4070 conatus
1227 4011 1286 4090 est,
1309 4011 1345 4070 ut
1358 4025 1416 4089 pro

194 4114 300 4176 circuli
328 4111 484 4177 scriberet
507 4112 640 4196 torriculi,
669 4131 732 4195 quo
755 4111 884 4177 nomine
908 4110 1118 4178 Germanicus
1141 4113 1241 4178 Aram
1263 4112 1417 4197 appellat.

194 4217 254 4284 sed
276 4233 387 4301 neque¹
404 4216 492 4303 apud
515 4217 680 4303 Hyginum
702 4238 806 4302 neque
830 4218 863 4283 in
887 4217 1020 4285 scholiis
1042 4217 1226 4285 Germanioi
1249 4218 1332 4284 haec
1354 4239 1418 4285 uox

193 4345 331 4410 usquam
354 4325 499 4391 occurrit.
537 4332 570 4390 et
590 4332 701 4391 manet
722 4325 894 4392 molestum
916 4325 996 4392 illud
1019 4328 1100 4411 quod
1114 4333 1284 4412 foruiatur.
1321 4327 1417 4391 immo

195 4432 388 4498 scholiorum
416 4421 577 4500 sententia
605 4433 784 4518 explicatur
812 4433 920 4499 uerbis
943 4455 974 4518 p.
997 4435 1072 4519 85,2
1100 4434 1144 4498 ‘in
1172 4433 1331 4517 quadrato
1360 4456 1418 4518 quo

195 4539 277 4605 sella
300 4539 503 4606 deformatur'
528 4547 561 4605 et
582 4562 614 4625 p.
637 4543 733 4625 95‚l8
758 4544 810 4622 (=
838 4540 905 4610 sch.
932 4539 973 4605 14
997 4543 1052 4623 29)
1079 4540 1122 4605 ‘in
1145 4561 1183 4606 eo
1206 4563 1265 4626 quo
1288 4540 1418 4624 gladius

195 4645 265 4713 eius
288 4646 503 4716 deformatur.¹
551 4646 690 4714 eandem
712 4646 882 4714 lectionem
905 4647 1083 4731 Vogelsius
1109 4668 1245 4730 aucupe
1259 4649 1442 4727 arcuada.

1271 4747 1297 4795 u
